3550 5467
433 746 502 792 css.
520 725 578 809 ra]
794 744 1049 791 ronrcuarrcus.
1329 740 1392 798 ‘20⁷

433 900 546 974 imum,
567 911 602 963 et
630 919 702 962 rere
727 895 829 960 solum
855 894 1038 961 divitiarum
1062 909 1213 983 reputant
1236 922 1342 978 usum,
1363 905 1388 966 si

430 999 649 1086 multiplicent
664 998 743 1063 ollas
757 997 910 1076 carnium,
925 998 1206 1066 conviscerationes
1220 1018 1387 1071 exerceant

429 1101 647 1189 quotidianas,
674 1103 699 1166 si
726 1123 783 1165 nec
808 1100 937 1164 modum
965 1101 1112 1181 convivii,
1136 1125 1193 1167 nec
1217 1126 1385 1172 numerum

428 1208 577 1270 noverint
599 1204 818 1281 convivarum,
836 1225 894 1267 nec
917 1203 1056 1291 aliquam
1078 1204 1216 1272 habeant
1236 1210 1384 1293 regendae

427 1305 561 1370 ismilirc
581 1307 746 1372 rationem.
784 1305 888 1382 Quam
907 1306 932 1368 si
956 1306 1037 1370 forte
1053 1306 1169 1372 videris
1191 1311 1383 1392 convenisse,

425 1408 533 1472 iorum
568 1421 777 1473 convocatum
813 1405 934 1484 credas,
968 1429 1030 1471 non
1066 1408 1289 1494 prandentium
1324 1425 1381 1479 aut

424 1510 619 1575 coenantium
636 1509 774 1575 turbam.
806 1509 878 1572 Hoc
891 1521 996 1572 tamen
1010 1511 1098 1596 apud
1114 1510 1297 1591 ditissimos
1308 1513 1381 1580 licet

423 1625 456 1677 et
471 1634 587 1677 manus
597 1612 739 1689 inferior,
751 1611 782 1675 in
798 1634 837 1675 eo
847 1634 907 1697 pro
921 1610 1052 1675 modulo
1064 1634 1122 1676 suo
1132 1616 1379 1700 proepotentium

422 1715 558 1801 vestigia
581 1715 737 1779 imitetur.
783 1710 937 1799 Quisquis
958 1715 1041 1776 enim
1064 1713 1159 1778 famae
1180 1717 1299 1801 petitor
1320 1731 1379 1795 est,

422 1816 506 1882 sires
527 1837 602 1882 susa
622 1815 759 1892 excedit,
774 1828 805 1879 et
827 1835 888 1878 non
910 1813 990 1898 quid
1014 1814 1124 1900 possit,
1141 1816 1194 1881 sed
1215 1817 1294 1905 quid
1309 1818 1380 1884 aliis

421 1917 558 2005 placeat,
573 1917 721 1995 attendit,
737 1930 768 1982 et
784 1916 863 1981 illud
886 1915 1015 1981 festinat
1037 1916 1176 2003 implere.
1215 1917 1279 1985 Sed
1298 1934 1379 2002 esto,

424 2039 458 2088 ut
474 2021 517 2086 ad
532 2022 650 2087 famam
665 2021 784 2108 potius,
798 2042 895 2107 quam
911 2019 952 2084 ad
973 2019 1196 2086 conscientiam
1213 2023 1286 2109 quis
1300 2023 1377 2089 libe-

422 2124 580 2190 salitorem
595 2137 752 2201 exerceat,
767 2126 842 2208 quia
857 2121 937 2186 nulli
953 2120 1067 2187 virtuti
1088 2123 1313 2209 praecludenda
1327 2140 1375 2192 est

422 2226 485 2305 via,
510 2230 628 2292 mimos
652 2239 769 2305 tamen,
792 2238 823 2289 ct
848 2223 1059 2310 professiones
1083 2225 1244 2294 obseaenss
1268 2227 1375 2293 fovere

422 2330 595 2411 beneficiis,
615 2330 762 2395 illicitum
782 2342 841 2403 est,
868 2342 902 2393 et
927 2326 1051 2393 infame.
1089 2330 1202 2395 Refert
1227 2330 1373 2397 Valerius

423 2432 513 2520 quod
537 2433 650 2498 civitas
675 2430 924 2496 Massiliensium
948 2442 1046 2495 tanta
1069 2431 1236 2517 gravitatis
1264 2447 1372 2500 custos

421 2532 576 2610 extiterit,
587 2545 624 2597 nt
639 2530 763 2595 nullum
778 2529 901 2594 aditum
914 2528 1018 2593 mimis
1033 2528 1122 2593 daret
1135 2530 1167 2593 iu
1179 2554 1281 2611 scens,
1292 2556 1371 2618 quo-

417 2656 489 2701 rnm
501 2646 691 2720 srguments
700 2634 818 2719 majore
829 2654 868 2695 ex
879 2644 970 2716 parte
980 2644 1163 2716 stuprorum
1175 2632 1370 2701 continerent

417 2749 520 2811 actus,
541 2757 581 2799 ne
600 2732 676 2799 tolia
695 2730 858 2820 spectandi
881 2730 1091 2810 consuetudo,
1107 2731 1201 2795 etiam
1225 2732 1369 2799 imitandi

416 2836 576 2903 &entiam
592 2836 719 2901 laceret.
758 2833 915 2921 Nunquid
930 2854 1007 2916 ergo
1021 2832 1189 2897 honestum
1205 2847 1255 2900 est
1269 2834 1370 2902 illosa

416 2938 617 3014 Cbmmisnia
637 2937 701 3002 imo
720 2949 751 3003 ct
770 2936 890 3001 clericis
909 2934 1012 3001 audiri
1028 2935 1061 2998 in
1083 2957 1183 3014 coens,
1197 2935 1254 3022 qui
1274 2958 1369 3003 neca

414 3041 592 3130 gentilibus
602 3039 816 3104 audiebantur
830 3039 863 3102 in
879 3041 996 3103 scena?
1024 3034 1255 3103 Lacedaemonii
1268 3039 1367 3106 libros

415 3139 604 3208 Archilochi
631 3163 649 3204 e
670 3138 799 3205 civitate
824 3160 883 3202 sus
903 3136 1065 3222 exportari
1082 3138 1261 3223 jusserunt,
1279 3141 1367 3227 quod

411 3264 522 3308 samm
534 3263 648 3329 parum
665 3238 875 3303 verecundam
891 3261 927 3301 sc
939 3236 1088 3322 pudieam
1105 3237 1268 3304 lectionem
1284 3241 1367 3307 arbi.

412 3346 592 3412 trabuntur.
642 3341 824 3407 Noluerunt
852 3341 935 3404 enim
964 3362 1002 3403 ea
1030 3338 1204 3405 liberorum
1234 3364 1364 3409 suorum

411 3448 534 3513 snimos
547 3444 661 3522 imbui,
673 3465 713 3508 ne
727 3443 801 3530 plus
816 3442 958 3506 moribus
974 3455 1111 3524 noceret,
1122 3462 1220 3530 quam
1232 3447 1364 3532 ingeniis

409 3549 587 3638 prodesset.
614 3548 731 3633 Itaque
742 3545 917 3609 maximum
927 3548 1070 3620 Poetam,
1080 3559 1137 3610 aut
1146 3559 1230 3610 certe
1240 3571 1363 3616 summo

409 3651 607 3739 proximum,
620 3650 699 3736 quia
717 3647 847 3712 domum
864 3646 924 3712 sibi
943 3646 1075 3711 invisam
1096 3646 1252 3714 obscoenis
1267 3655 1362 3716 male·

408 3752 504 3818 dictis
519 3752 711 3816 laceraverat
722 3750 911 3826 carminum,
922 3748 1018 3813 exilio
1029 3748 1232 3817 mulctarunt.
1260 3755 1362 3820 Simili

408 3853 474 3918 iere
496 3851 666 3930 sententia,
685 3849 896 3915 condemnata
917 3862 963 3914 est
983 3848 1112 3914 lascivia
1132 3852 1308 3919 carminum
1328 3857 1361 3921 in

408 3953 549 4020 Nasone.
580 3951 740 4039 Nunquid
757 3952 879 4017 licitum
896 3964 943 4016 est
958 3951 1063 4017 audiri
1080 3952 1110 4016 in
1127 3955 1261 4039 poculis,
1272 3957 1361 4042 quod

403 4055 515 4143 jejuna
532 4054 687 4121 sobrietas
701 4077 767 4118 non
784 4055 924 4119 audebat
943 4053 1080 4118 audire?
1106 4055 1229 4120 Eadem
1251 4057 1362 4122 civitas

406 4159 565 4235 omnibus,
592 4157 650 4244 qui
680 4177 737 4243 per
766 4157 907 4242 aliquam
937 4154 1098 4241 religionis
1128 4155 1360 4220 simulationem

404 4259 557 4326 alimenta
579 4259 700 4326 inertiae
723 4259 920 4346 quaerebant,
934 4255 1058 4320 clausas
1079 4255 1218 4320 habebat
1240 4269 1361 4341 portas,

403 4363 585 4427 mendaeem
607 4373 639 4425 et
656 4361 798 4426 fucosam
819 4357 1077 4444 superstitionem
1099 4352 1361 4420 sumarovendsm
