3550 5467
285 754 358 799 car.
374 734 475 814 mn]
674 752 927 798 ronrcnirrcus.
1177 741 1240 799 855

283 915 317 966 et
333 914 450 966 terram
473 901 558 965 beati
574 900 751 979 Edmundi,
765 902 817 966 cui
839 925 948 968 omnes
962 901 1127 988 proedones
1143 903 1237 969 detu-

286 1002 399 1078 lerant,
422 1001 544 1066 videret
573 1002 769 1088 opulentam,
797 1004 925 1089 sibique
955 1025 1018 1067 non
1047 1016 1139 1080 esset,
1165 1024 1239 1068 con-

287 1107 427 1190 sumptis
440 1103 557 1188 opibus
572 1103 672 1189 regni,
685 1103 770 1168 unde
782 1104 878 1168 semel
892 1118 924 1168 et
937 1103 1076 1168 secundo
1087 1103 1242 1170 militibus

285 1228 354 1269 aera
367 1203 586 1290 procederent,
603 1204 671 1289 jam
686 1203 770 1266 enim
785 1202 966 1268 deiecerant
985 1203 1144 1286 donativa,
1160 1227 1242 1290 prar-

285 1306 344 1371 dia
364 1309 432 1393 jam
462 1304 558 1369 dictae
586 1303 726 1368 ecclesiae
750 1303 968 1391 depopulatus
989 1318 1047 1369 est·
1088 1306 1241 1371 Nondum

287 1420 396 1473 tamen
422 1406 596 1491 digesserat
621 1405 739 1481 cibum,
763 1427 861 1491 quem
885 1404 926 1469 de
950 1404 1157 1471 facultatibus
1181 1408 1241 1472 loci

288 1522 465 1594 aoeeperat,
479 1509 614 1594 ipsaque
636 1505 698 1582 die,
720 1521 892 1592 antequam
914 1527 948 1571 se
970 1506 1057 1570 domi
1079 1530 1145 1571 suae
1167 1509 1243 1573 reci-

288 1624 390 1698 peret,
403 1631 479 1698 quoe
491 1610 584 1673 nimis
596 1608 700 1673 vicina
710 1622 789 1684 erat,
800 1622 906 1674 tactus
917 1624 964 1674 est
977 1610 1125 1696 martyris
1137 1634 1244 1690 manu,

288 1727 323 1778 et
343 1712 454 1777 lethali
474 1733 643 1798 percussus
663 1710 785 1787 morbo,
802 1710 854 1775 die
873 1711 999 1776 circiter
1018 1723 1131 1775 octava
1149 1712 1246 1777 rebus

290 1814 386 1879 cessit
401 1827 433 1877 et
454 1813 529 1878 vita.
568 1811 656 1887 Quid
674 1834 780 1875 moror
798 1812 831 1875 in
853 1812 987 1897 paucis?
1015 1812 1082 1876 Ubi
1098 1821 1184 1892 sunt,
1199 1826 1247 1892 ut,

292 1915 334 1979 de
355 1914 536 1979 domesticis
562 1912 686 2000 loquar,
710 1912 901 1989 Gauiridus,
925 1913 1018 1991 Milo,
1042 1913 1246 1999 Ranulphus,

293 2016 426 2091 Alanus,
450 2019 571 2094 Simon,
595 2014 802 2093 Gillebertus,
826 2037 887 2079 non
911 2028 976 2080 tam
995 2016 1127 2080 comites
1146 2017 1248 2101 regni,

295 2139 392 2203 quam
408 2118 513 2183 hostes
528 2116 670 2203 publici?
700 2116 767 2181 Ubi
783 2114 968 2180 Willelmus
985 2117 1247 2183 Saresberiensis?

296 2218 364 2282 Ubi
387 2221 534 2294 Marimo,
551 2218 608 2305 qui
628 2217 811 2303 impellente
831 2219 924 2283 beata
941 2218 1073 2301 virgine,
1089 2218 1200 2285 incidit
1215 2223 1249 2286 in

295 2318 420 2385 foveam
436 2343 532 2408 quam
548 2321 706 2407 parabat?
737 2321 802 2386 Ubi
818 2320 882 2402 alii,
898 2343 1034 2408 quorum
1057 2322 1107 2385 vel
1122 2324 1251 2387 nomina

295 2422 482 2486 conficerent
506 2422 648 2488 librum?
681 2427 809 2488 Horum
836 2427 948 2510 utique
973 2426 1096 2489 malitia
1116 2425 1251 2509 insignis

296 2534 358 2598 est,
373 2522 503 2588 infamia
518 2525 664 2599 celebris,
679 2523 793 2589 infelix
816 2525 933 2599 exitus,
949 2538 981 2587 et
1002 2547 1096 2608 quem
1112 2547 1253 2610 praesens

297 2634 377 2687 retas
391 2623 537 2707 ignorare
553 2645 615 2686 non
629 2636 744 2709 potest.
775 2623 810 2687 Si
823 2645 900 2707 ergo
911 2625 983 2708 quis
994 2623 1144 2709 antiquas
1152 2627 1252 2690 nescit

298 2722 456 2800 historias,
473 2725 499 2787 si
518 2723 643 2806 ignorat
664 2721 826 2808 quomodo
847 2724 964 2808 Cyrus,
978 2722 1030 2787 cui
1051 2746 1141 2808 reges
1162 2738 1254 2811 terga

297 2825 496 2910 praebebant,
506 2847 525 2886 a
540 2823 650 2905 regina
662 2823 854 2908 Scytharum
868 2823 993 2888 Tamiri
1005 2838 1184 2910 prostratus
1195 2840 1255 2908 est,

297 2925 324 2989 si
336 2946 440 2994 casus,
452 2937 484 2988 et
496 2922 675 3009 proecipitia
686 2922 933 3010 praecedentium
946 2945 1010 2988 noo
1021 2924 1134 2991 recolit
1146 2940 1255 3013 tyran·

298 3044 427 3098 norum,
443 3020 494 3085 vel
509 3046 546 3087 ea
560 3044 634 3106 quae
649 3022 751 3086 oculis
765 3022 956 3107 ingeruntur
976 3024 1084 3089 inritis
1097 3026 1255 3105 attendat,

297 3138 331 3190 et
359 3123 429 3188 luce
455 3123 572 3189 clarius
597 3121 787 3201 intuebitur,
810 3146 920 3188 omnes
947 3139 1098 3210 tyrannos
1124 3128 1254 3193 miseros

304 3246 382 3290 esse.

304 3487 384 3572 Cap.
400 3494 451 3552 29.
477 3489 528 3551 De
545 3487 700 3566 Godeona
710 3490 885 3573 qur'formo
896 3491 1141 3573 precidentium
1156 3499 1214 3570 ert,
1229 3499 1260 3558 ct

702 3590 867 3656 Antiocho.

350 3733 444 3809 Quin
461 3735 571 3824 itaque
594 3737 655 3802 sibi
678 3737 788 3813 velint,
813 3740 869 3825 qui
892 3741 1133 3827 rempublicam,
1156 3742 1260 3809 idest

306 3837 462 3924 populum
476 3839 550 3916 Dei,
562 3838 707 3904 indebito
721 3841 884 3906 servitutis
897 3843 980 3929 jugo
992 3845 1141 3910 nituntur
1154 3845 1263 3930 oppri-

306 3962 401 4016 mere,
429 3962 491 4005 non
517 3941 623 4019 video,
646 3941 706 4006 nisi
731 3942 814 4008 forte
839 3967 877 4007 ea
903 3944 943 4008 de
968 3968 1065 4009 causa
1087 3945 1260 4031 potentiam

306 4052 471 4125 appetant,
493 4051 530 4104 ut
554 4053 712 4106 tormenta
737 4043 871 4107 miseriae
894 4057 1041 4129 potenter
1067 4044 1180 4107 ferant.
1228 4043 1260 4105 Si

305 4143 388 4206 enim
410 4162 519 4226 regere
541 4151 665 4206 tantum
688 4154 888 4225 appeterent,
908 4166 970 4208 non
993 4142 1159 4217 dominari,
1181 4163 1262 4208 onus

306 4239 399 4304 officii
415 4241 591 4321 metientes,
600 4260 799 4325 nequaquam
816 4249 905 4304 tanta
920 4253 1083 4305 currerent
1098 4239 1263 4309 aviditate.

310 4340 465 4406 Voluntas
483 4342 568 4406 enirn
593 4342 731 4425 regentis
753 4338 793 4402 de
814 4339 885 4423 lege
909 4341 971 4405 Dei
994 4340 1123 4424 pendet,
1146 4353 1178 4406 et
1200 4365 1262 4408 non

747 4463 768 4505 s
782 4449 837 4505 a2
