3550 5467
410 715 475 773 286
669 722 805 769 tonsura
821 720 1117 771 sinssnnnrsssrs
1217 705 1301 787 [crs.
1314 726 1373 773 sni.

413 877 561 962 egregins
572 875 723 939 vitiorum
738 876 910 940 insectator
926 875 1003 940 fuit.
1029 875 1155 942 Multae
1173 877 1207 940 in
1222 900 1272 953 eo,
1283 878 1372 944 claus-

413 1004 475 1068 que
498 977 674 1055 sententias,
696 976 799 1042 multa
824 978 920 1043 etiarn
944 1001 1074 1045 morum
1096 1002 1223 1063 genera
1245 979 1373 1065 legenda,

412 1082 467 1146 sed
491 1081 522 1145 in
545 1079 725 1166 eloquendo
754 1091 906 1165 corrupta
930 1079 1102 1166 pleraque,
1126 1094 1233 1168 atque
1255 1105 1292 1146 eo
1310 1105 1372 1166 per·

412 1183 629 1257 niciosissima,
640 1181 728 1265 quod
745 1180 953 1246 abundabant
965 1181 1123 1246 dulcibus
1135 1182 1236 1247 vitiis.
1282 1182 1372 1248 Vellet

411 1285 584 1349 enimcum
606 1305 664 1346 sno
688 1282 827 1368 ingenio,
843 1282 963 1347 dixisse
986 1283 1095 1347 alieno
1110 1283 1254 1369 judicio.
1298 1288 1370 1351 Nam

413 1386 499 1451 sinil
521 1384 697 1472 oeqtralium
719 1385 969 1471 contempsisset,
991 1385 1103 1449 sinon
1124 1387 1370 1473 concupissetsi

413 1489 592 1553 nonomnia
608 1511 665 1551 sua
680 1499 825 1563 amasset,
836 1486 860 1550 si
870 1508 978 1552 rerum
996 1487 1144 1572 pondera
1160 1489 1371 1554 minutissimis

413 1591 578 1658 sententiis
597 1613 660 1654 non
682 1589 838 1675 fregisset,
851 1613 1008 1655 consensu
1030 1592 1145 1675 potius
1168 1591 1370 1669 eruditorum,

412 1715 512 1780 quam
536 1713 707 1777 puerorum
730 1713 835 1754 amore
864 1691 1143 1775 comprobaretur.
1192 1697 1310 1759 Verum
1334 1693 1370 1757 sir

415 1818 545 1881 quoque
556 1795 622 1880 jam
639 1793 790 1873 robustis,
804 1806 837 1857 et
853 1793 1011 1855 severiore
1022 1816 1141 1877 genere
1157 1795 1237 1858 satis
1247 1795 1369 1859 firmatis

414 1896 570 1981 legendus
591 1895 641 1959 vel
664 1895 747 1971 ideo,
777 1894 864 1981 qnod
895 1916 1043 1958 exercerc
1066 1909 1178 1979 potest
1202 1910 1369 1981 utrumqne

411 1998 582 2083 judicium.
628 1997 736 2062 Multa
759 1997 855 2073 enirn,
887 2008 923 2058 ut
954 1994 1035 2075 dixi,
1066 1997 1238 2082 probanda
1268 1998 1300 2063 in
1326 2022 1368 2074 eo,

414 2099 516 2163 multa
529 2099 624 2162 etiam
641 2098 828 2162 admiranda
843 2111 929 2162 suut.
973 2097 1107 2184 Eligere
1126 2121 1205 2164 vero
1223 2123 1308 2166 cura
1322 2102 1368 2176 sit,

411 2198 501 2284 quod
513 2198 632 2263 utinam
646 2199 713 2284 ipse
722 2199 858 2264 fecisset.
891 2199 999 2284 Digna
1008 2201 1092 2264 enim
1104 2200 1168 2265 suit
1181 2200 1236 2266 illa
1251 2216 1367 2273 natura,

404 2304 486 2386 'quae
513 2300 644 2364 meliora
672 2301 784 2372 vellet3
816 2301 904 2386 quod
934 2301 1045 2381 soluit,
1070 2302 1190 2368 effecit.
1235 2305 1366 2370 Hoecin

415 2404 563 2466 Senecam
596 2402 832 2476 Quintilianus:
869 2404 924 2467 sed
957 2427 996 2468 an
1035 2418 1121 2469 recte
1152 2408 1298 2482 senserit,
1326 2429 1367 2470 ss·

412 2505 603 2591 pientiorum
620 2505 744 2589 judicio
763 2506 961 2593 derelinquo.
1008 2508 1082 2571 Hoc
1104 2521 1214 2573 tamen
1238 2507 1322 2594 quod
1342 2508 1366 2572 ei

412 2606 576 2682 adscribit,
599 2606 732 2672 multam
748 2631 873 2672 morum
898 2607 1016 2673 scilicet
1038 2608 1245 2692 elegantiam,
1267 2611 1324 2675 etsi
1338 2610 1365 2675 ir

413 2707 593 2795 eloquendo
606 2722 802 2795 corruptam,
826 2732 1030 2796 nequaquam
1046 2709 1187 2775 arbitror
1208 2712 1367 2776 detrahes

412 2811 501 2877 dum.
546 2810 685 2874 Moralia
696 2833 772 2895 ergo
786 2812 856 2896 ejus
872 2822 1033 2897 praccepta
1047 2810 1275 2888 admittantur,
1290 2828 1319 2878 et
1334 2837 1366 2877 eo

412 2936 529 3000 genere
553 2913 704 2999 loquatur
726 2914 875 2999 quisque,
897 2912 985 2998 quod
1016 2916 1142 2980 crateris
1164 2917 1310 3002 praefert,
1336 2930 1364 2980 et

413 3017 545 3102 planum
566 3015 624 3079 erit
644 3016 797 3080 virtutum
823 3015 940 3079 rivulos
955 3015 996 3078 de
1012 3015 1188 3100 purissimo
1202 3019 1292 3085 sonte
1305 3019 1365 3084 sru-

410 3118 554 3204 galitatis
568 3117 654 3182 oriri.
702 3121 866 3202 Legantur
879 3116 1026 3204 epistolae
1034 3119 1118 3204 ejus,
1135 3118 1208 3184 libri
1222 3123 1263 3186 de
1278 3121 1366 3185 hene-

411 3221 504 3299 ficiis,
517 3233 575 3285 aut
590 3219 768 3299 clementia,
782 3220 827 3283 illi
841 3242 972 3306 quoque
988 3244 1071 3306 qnos
1081 3220 1195 3287 decem
1208 3239 1365 3288 oratorum

411 3321 576 3387 sententiis
586 3320 790 3406 subimagine
801 3318 1068 3384 declamationum
1079 3321 1272 3389 scholarium
1285 3324 1366 3389 illus

410 3422 519 3500 travit,
535 3436 565 3485 et
583 3421 615 3484 hi
633 3444 715 3506 quos
730 3420 770 3485 de
786 3419 985 3485 naturalibus
1005 3422 1242 3505 quaestiouibus
1256 3425 1364 3501 edidit,

410 3536 442 3586 et
458 3544 538 3606 quos
552 3523 593 3586 de
609 3522 810 3608 philosophia
826 3544 938 3608 parum
955 3519 1127 3608 diligentes
1142 3527 1253 3609 arguit
1269 3527 1363 3604 Quin-

410 3622 556 3692 tilianum
576 3623 808 3706 ubiquefidelis
819 3639 927 3688 custos
937 3623 1209 3713 virtutis,ubique
1221 3627 1364 3693 vitiorum

409 3723 509 3786 hostis
524 3724 675 3801 occurrit,
697 3738 806 3787 tantus
824 3726 947 3810 utique,
966 3739 1001 3788 ut
1017 3747 1092 3789 eum
1110 3727 1247 3804 Fronto,
1262 3750 1366 3793 secun

407 3824 483 3888 dum
498 3822 651 3909 quosdam
666 3845 763 3906 nepos
776 3825 1055 3911 Plutarchi,cujus
1066 3827 1210 3893 meminit
1224 3830 1256 3893 in
1269 3829 1365 3915 primo

406 3923 576 3991 Juvenalis
593 3924 648 3998 sic,

519 4045 657 4100 Frontonis
670 4042 778 4114 platani,
791 4045 965 4114 convulsaque
977 4064 1106 4100 marmora
1122 4048 1256 4103 clamant:

408 4173 532 4238 semper
547 4170 632 4225 eum,
647 4147 790 4231 inquam,
802 4147 847 4209 sic
862 4162 979 4210 asserat
997 4148 1149 4214 univeros
1161 4157 1367 4218 exterminare

406 4275 539 4327 errores,
562 4263 598 4313 ut
620 4268 717 4309 aurea
739 4246 887 4309 videatur
909 4248 1017 4313 secula
1037 4249 1226 4330 reformare,
1243 4270 1275 4320 et
1296 4254 1367 4319 deos

406 4354 447 4415 ab
472 4353 610 4416 hnmano
632 4370 747 4434 genere
769 4347 946 4428 exulantes,
969 4351 1039 4434 ejus
1066 4374 1168 4436 opera
1198 4372 1368 4433 revocatos,
