3550 5467
406 722 478 769 aaa.
493 705 544 785 in]
770 725 1023 770 aoai'caaucus.
1309 718 1372 775 255

407 875 560 951 mittitur,
579 875 731 941 honestus
747 899 848 941 sermo
864 877 1076 964 prohibetur?
1105 879 1248 943 Maxime
1265 904 1366 965 quum

407 999 469 1039 non
488 976 605 1052 minus,
622 1000 719 1063 quam
742 978 877 1044 dulcedo
899 979 976 1056 vini,
992 978 1126 1044 hilarent
1149 983 1245 1046 verba
1260 983 1368 1047 convi-

408 1077 508 1142 vium.
545 1077 630 1156 Quid
648 1078 718 1154 h0c‚
735 1079 851 1165 inquis,
867 1079 907 1143 ad
925 1080 1180 1167 philosophiam?
1204 1087 1273 1150 Imo
1289 1085 1368 1149 nihil

407 1192 474 1243 tam
499 1194 673 1264 cognatum
700 1180 874 1266 sapientiae,
896 1205 991 1267 quarn
1019 1183 1094 1246 locis
1116 1197 1148 1248 et
1171 1187 1368 1271 temporibus

407 1296 520 1366 aptare
543 1305 714 1360 sermones,
730 1305 947 1368 personarum,
969 1308 1042 1370 qnae
1064 1285 1210 1361 aderunt,
1233 1289 1368 1353 aestima-

410 1386 498 1449 tione
514 1387 546 1449 in
563 1385 702 1450 medium
720 1401 840 1451 vocata.
880 1387 972 1450 Alios
986 1388 1069 1451 enim
1084 1388 1181 1451 relata
1194 1388 1368 1456 incitarunt

407 1488 557 1575 exempla
574 1488 744 1564 virtutum,
761 1490 840 1553 alios
860 1490 1097 1569 beneficiorum,
1113 1492 1281 1557 nonnullos
1300 1518 1366 1557 rno-

408 1590 533 1669 destiae,
550 1605 586 1657 ut
602 1605 633 1656 et
649 1592 704 1677 qui
726 1591 819 1656 aliter
833 1593 981 1676 agebant,
998 1615 1080 1679 saepe
1101 1592 1221 1657 auditis
1237 1595 1366 1670 talibus,

407 1693 449 1756 ad
466 1694 718 1757 emendationem
736 1697 889 1758 venirent.
923 1694 976 1758 Sic
992 1706 1097 1757 autem
1116 1693 1202 1757 vitiis
1217 1694 1366 1772 irretitos,

409 1795 436 1858 si
457 1808 491 1858 et
514 1793 628 1858 hocin
651 1795 803 1860 conviviis
825 1792 968 1880 exegerit
992 1794 1145 1881 loquendi
1169 1795 1259 1872 ordo,
1275 1797 1367 1861 feriet

410 1898 614 1983 philosophia
626 1920 687 1961 non
700 1897 882 1972 sentientes,
896 1909 932 1961 ut
944 1897 1042 1962 Liber
1053 1912 1145 1983 pater
1157 1898 1269 1985 thyrso
1280 1899 1368 1978 fecit,

409 2023 468 2085 per·
494 1999 746 2086 obliquationem
773 1999 977 2064 circumfuso
1004 1999 1129 2064 hederae
1155 2000 1273 2064 latente
1298 2025 1368 2066 rnu-

407 2124 513 2180 crone,
527 2104 604 2189 quia
621 2124 682 2165 non
698 2103 744 2165 ita
759 2101 965 2186 profitebitur
980 2103 1011 2166 in
1034 2103 1179 2166 convivio
1194 2126 1365 2181 censorem,

407 2218 444 2269 ut
460 2203 566 2290 palam
584 2204 662 2269 vitia
677 2205 821 2287 castiget.
859 2206 1021 2269 Caeterum
1039 2206 1087 2268 his
1102 2206 1230 2271 obnoxii
1247 2230 1365 2293 repug-

406 2308 549 2371 nabunt:
577 2321 609 2371 et
623 2306 694 2370 talis
709 2307 769 2370 erit
784 2306 920 2370 convivii
937 2308 1105 2386 turnultus,
1124 2324 1159 2374 ut
1177 2310 1238 2373 sub
1255 2309 1366 2397 hujus-

407 2409 492 2474 modi
509 2411 635 2475 invitati
653 2409 822 2472 videantur
837 2408 960 2474 edicto:
997 2486 1003 2496 ,

512 2523 592 2585 Quod
603 2529 729 2594 superest,
742 2522 797 2575 laeti
809 2522 876 2574 bene
889 2524 972 2589 gestis
985 2541 1091 2594 corpora
1103 2525 1181 2576 rebus

514 2609 655 2661 Procurate
668 2610 725 2671 viri,
738 2616 765 2660 et
777 2626 891 2679 pugnam
903 2616 1005 2678 sperate
1017 2609 1110 2679 parati.

408 2714 499 2799 Ergo
515 2714 540 2776 si
556 2712 780 2799 opportunitas
796 2713 977 2775 necessariae
995 2710 1246 2796 reprehensionis
1268 2737 1366 2779 emer-

408 2817 495 2892 serit,
522 2815 568 2879 sic
593 2838 612 2877 a
637 2813 827 2901 philosopho
853 2813 1085 2899 proficiscetur,
1109 2825 1145 2877 ut
1173 2827 1205 2877 et
1231 2827 1314 2878 tecta
1335 2829 1367 2880 et

408 2918 517 2983 efficax
534 2918 584 2983 sit.
620 2917 706 2995 Quid
723 2917 839 2979 mirum
855 2916 882 2980 si
899 2916 992 2978 feriat
1010 2913 1145 3000 sapiens,
1157 2928 1190 2980 ut
1206 2914 1288 2996 dico,
1304 2939 1366 2981 non

408 3023 700 3105 oentiente8,quum
713 3018 870 3083 interdum
882 3021 927 3082 sic
937 3015 1161 3102 reprehendat,
1173 3029 1208 3081 ut
1218 3029 1250 3081 et
1260 3039 1366 3101 repre·

409 3124 525 3188 hensus
535 3122 710 3186 hilaretur?
735 3122 803 3185 Nec
816 3133 940 3185 tanturn
953 3118 1071 3183 fabulis
1081 3122 1156 3199 suis,
1166 3118 1220 3183 sed
1232 3119 1367 3182 interro·

407 3223 593 3307 gationibus
618 3244 748 3306 quoque
778 3219 843 3281 vim
873 3218 1084 3306 philosophiae
1115 3217 1194 3281 nihil
1224 3216 1365 3304 ineptum

408 3325 569 3412 loquentis
582 3323 740 3387 ostendet.
779 3325 873 3387 Hanc
888 3345 963 3405 ergo
978 3319 1085 3385 nullus
1101 3319 1252 3384 honestus
1266 3333 1367 3400 actua,

409 3430 552 3502 locusve,
568 3439 672 3489 coetus
695 3424 804 3488 nullus
823 3423 1071 3503 excludetque
1093 3421 1139 3486 ita
1160 3444 1193 3485 se
1211 3435 1314 3508 aptat,
1331 3435 1367 3486 ut

409 3530 532 3615 ubique
547 3528 591 3593 sic
608 3540 763 3615 appareat
780 3528 964 3602 necessaria,
981 3540 1133 3612 tanquam
1156 3526 1266 3590 abesse
1282 3525 1367 3591 illam

407 3631 494 3696 nefas
515 3630 625 3695 fuerit.
666 3634 712 3696 Et
735 3643 806 3714 post
830 3652 944 3714 pauca,
968 3625 1109 3692 loedoriae
1131 3638 1164 3692 et
1187 3629 1367 3693 scommatis

407 3733 620 3798 differentiam
644 3733 732 3812 lacit,
757 3757 831 3818 quae
857 3732 901 3796 sic
927 3732 1088 3796 interdurn
1115 3734 1322 3816 proferuntur
1345 3755 1366 3796 a

407 3834 559 3920 sapiente,
576 3847 615 3898 ut
637 3857 699 3898 non
715 3834 811 3898 modo
832 3833 1044 3897 amaritudine
1068 3848 1206 3915 careant,
1221 3833 1275 3899 sed
1291 3834 1367 3897 affe-

407 3951 476 4001 rant
501 3937 721 4022 tempestivam
746 3934 957 4000 dulcedinem.
998 3933 1124 3999 Deinde
1147 3933 1367 4020 interrogandi

406 4037 603 4113 civilitatem,
616 4037 665 4100 vel
681 4037 825 4102 facetiam
838 4036 943 4100 docet.
973 4035 1039 4109 Qui
1053 4033 1122 4098 vult
1134 4058 1210 4118 ergo
1222 4054 1366 4097 amoenus

408 4160 470 4202 esse
496 4138 673 4216 consultor,
696 4163 734 4202 ea
759 4139 943 4223 interroget,
968 4160 1041 4223 quae
1068 4148 1144 4200 sunt
1171 4135 1366 4215 interrogato

407 4239 510 4306 facilia
525 4264 692 4327 responsu,
703 4256 732 4305 et
750 4264 824 4328 quae
840 4240 897 4305 scit
915 4238 1004 4303 illum
1019 4236 1129 4302 sedula
1140 4232 1366 4299 exercitatione

408 4339 563 4409 didicisse.
602 4339 731 4407 Gaudet
752 4342 835 4404 enim
859 4339 999 4427 quisque
1021 4348 1212 4423 provocatus
1234 4331 1274 4397 ad
1294 4330 1368 4395 doc·
