3550 5467
406 749 474 792 car.
490 732 581 811 xxx]
760 752 1012 798 Ponxcnamcus.
1305 746 1364 803 173

407 898 533 963 Deinde
558 900 757 964 saecularium
783 918 977 987 potestatum
1001 904 1169 990 implorant
1192 908 1362 984 auxilium,

404 1013 435 1063 et
460 1001 506 1064 eis
533 1001 673 1065 divinam
701 1004 837 1088 gratiam
866 1006 1062 1090 pollicentur.
1110 1006 1273 1094 Fiuntque
1298 1033 1360 1073 me-

405 1101 547 1167 diatores
568 1104 630 1169 Dei
650 1119 680 1168 et
704 1105 878 1182 hominum,
896 1126 926 1171 et
948 1131 1000 1171 eos
1022 1109 1075 1191 qui
1098 1109 1187 1172 venia
1208 1109 1362 1195 indigent,

406 1204 471 1266 suis
486 1219 666 1290 aggregant
686 1207 902 1286 societatibus,
917 1208 1124 1273 confessiones
1139 1212 1312 1296 excipiunt,
1328 1228 1360 1276 et

406 1303 510 1368 claves
537 1306 690 1371 Ecclesiae
717 1321 919 1394 usurpantes,
941 1323 996 1373 aut
1024 1310 1226 1396 surripientes
1253 1315 1359 1387 Petro,

406 1407 504 1490 ligare
528 1422 725 1494 praesumunt
749 1423 781 1473 et
804 1410 935 1484 solvere,
957 1424 988 1474 et
1012 1411 1150 1474 Domino
1173 1413 1360 1496 probibente

406 1509 520 1573 falcem
557 1512 690 1576 mittunt
725 1514 757 1576 in
790 1535 924 1575 messem
961 1512 1104 1575 alienam.
1163 1516 1360 1579 Potentiores

408 1629 512 1676 tamen
530 1628 560 1677 et
578 1613 718 1690 ditiores,
735 1616 842 1678 lavore
858 1613 907 1678 vel
926 1614 1067 1676 mercede
1088 1629 1223 1700 recepta,
1240 1614 1361 1681 facilius

405 1726 591 1793 exonerant,
613 1727 644 1778 et
672 1714 808 1799 peccatis
833 1713 942 1776 alienis
965 1714 1112 1777 humerus
1135 1731 1360 1801 supponentes,

402 1815 519 1899 jubent
534 1816 621 1879 abire
643 1817 672 1878 in
695 1817 819 1880 tunicas
839 1831 871 1881 et
888 1830 989 1879 vestes
1009 1815 1123 1901 pullas,
1141 1817 1295 1903 quicquid
1316 1818 1361 1882 illi

407 1938 440 1979 se
454 1915 649 1979 commisisse
668 1915 847 2002 deplorant.
893 1918 1095 2003 Amplilicunt
1116 1918 1359 1982 misericordiam

408 2018 553 2095 Domini,
565 2021 622 2105 qui
635 2025 790 2084 neminem
803 2020 871 2085 vult
888 2021 1000 2106 perire,
1013 2043 1108 2106 quam
1126 2021 1207 2085 sicut
1218 2036 1359 2107 apertam

407 2135 438 2186 et
472 2137 636 2207 patentem
670 2123 910 2209 poenitentibus
941 2125 985 2186 sic
1015 2124 1089 2186 solis
1118 2121 1360 2209 desperantibus

408 2224 593 2310 praeclusam
610 2249 687 2304 esse,
703 2228 924 2312 pronunciant.
964 2224 1137 2311 Indulgent
1158 2226 1284 2289 interim
1301 2225 1360 2305 his,

405 2326 459 2412 qui
491 2326 677 2390 criminibus
706 2328 876 2406 ardentius,
906 2345 937 2392 et
969 2329 1108 2392 tenacius
1140 2327 1359 2401 involvuntur,

407 2450 538 2512 peccare
564 2427 596 2490 in
627 2450 695 2513 spe,
725 2427 799 2491 dum
833 2443 936 2492 tamen
965 2431 1024 2493 sibi
1051 2430 1082 2494 in
1110 2430 1358 2515 redemptionem

406 2551 526 2606 eornm,
553 2529 673 2615 aliquid
702 2544 897 2616 praerogent;
931 2545 962 2595 et
989 2532 1140 2595 audacter
1166 2532 1359 2617 promittunt

409 2631 542 2704 veniam,
565 2654 603 2692 eo
627 2631 713 2716 quod
736 2630 818 2697 sicut
844 2655 929 2718 aqua
955 2633 1072 2715 ignem,
1095 2632 1139 2694 ita
1164 2632 1362 2715 eleemosyna

405 2744 569 2816 peccatum
600 2729 769 2816 extinguit.
816 2731 1007 2795 Poenitentia
1036 2753 1164 2816 quoque
1194 2753 1355 2815 nunquam

405 2856 472 2898 sera
495 2846 554 2911 est,
579 2833 603 2897 si
628 2850 731 2897 tamen
756 2856 837 2896 vera.
885 2833 1094 2898 Consentiunt
1119 2856 1195 2915 ergo
1219 2831 1359 2895 moribus

408 2937 538 3022 iniquis,
552 2950 583 2999 et
600 2935 784 3020 popularem
805 2948 1014 3019 provocantes
1035 2934 1242 3012 allectionem,
1258 2956 1361 2996 assen-

405 3039 580 3104 tationibus
599 3038 751 3101 obturant
772 3060 864 3100 aures
887 3036 1063 3111 bominum,
1079 3059 1117 3098 ne
1133 3036 1361 3120 increpationes

406 3140 538 3204 audiant
554 3140 768 3225 praelatorum.
814 3139 863 3203 Ad
882 3139 951 3201 baec
967 3137 1167 3201 rumusculos
1181 3137 1361 3222 inquirunt,

405 3242 600 3306 tumultibus
620 3241 773 3324 gaudent,
796 3239 1015 3304 dissidentium
1039 3254 1157 3303 secreta
1181 3239 1361 3323 explorant,

406 3355 438 3408 et
452 3344 563 3408 eadem
585 3367 668 3408 nunc
691 3344 731 3406 ad
752 3347 868 3407 amicos
891 3345 1064 3428 perferunt,
1080 3365 1163 3406 nunc
1184 3340 1223 3404 ad
1246 3339 1363 3418 hostes,

411 3451 558 3533 utrisque
573 3451 669 3532 grati,
686 3447 830 3530 utrisque
848 3444 973 3531 perfidi,
991 3443 1091 3528 magis
1116 3458 1219 3508 tamen
1241 3441 1281 3506 ad
1303 3442 1363 3508 ista

409 3549 560 3614 videntur
571 3549 688 3627 idonei,
704 3548 781 3633 quia
795 3549 836 3611 ab
851 3550 990 3632 imagine
1006 3547 1167 3632 religionis
1184 3547 1289 3612 minus
1310 3547 1363 3610 ba-

408 3652 527 3716 bentur
542 3651 688 3736 suspecti.
735 3651 820 3726 Quid
844 3650 874 3712 in
899 3649 1029 3733 paluti0,
1044 3647 1123 3734 quid
1141 3652 1171 3712 in
1189 3651 1267 3730 foro,
1283 3650 1362 3737 quid

410 3754 442 3818 in
454 3754 542 3838 agris
559 3753 721 3838 expediat,
734 3753 812 3837 quid
829 3754 860 3815 in
874 3751 997 3828 castris,
1010 3751 1065 3814 soli
1077 3751 1251 3818 creduntur
1260 3776 1364 3828 nosse,

409 3856 484 3942 quia
496 3855 644 3918 universa
653 3857 721 3918 haec
731 3875 799 3940 ptae
808 3853 931 3917 caeteris
943 3853 1090 3917 videntur
1099 3877 1219 3930 curare,
1230 3858 1287 3938 qui
1297 3854 1365 3919 istis

403 3958 526 4043 jugiter
537 3956 764 4020 immiscentur.
791 3956 824 4021 Si
832 3955 1019 4018 conveniant
1027 3955 1170 4040 putresin
1181 3956 1279 4034 curia,
1285 3956 1367 4018 cives

409 4058 440 4122 in
451 4060 533 4134 foro,
545 4058 662 4120 milites
671 4058 702 4119 in
715 4056 927 4142 expeditione,
940 4055 964 4117 si
975 4057 1112 4140 denique
1122 4055 1300 4133 concilium,
1312 4070 1368 4118 atrt

410 4160 551 4246 synodus
566 4172 768 4231 convocetur,
786 4158 980 4244 praecipuam
999 4155 1121 4220 sedium
1145 4172 1266 4239 partem
1284 4176 1365 4238 prae-

408 4262 576 4349 occupabit
594 4260 771 4325 umbratilis
787 4261 847 4324 ista
863 4259 984 4342 religio.
1031 4258 1250 4320 Claustrorum
1267 4253 1367 4317 fructa

408 4368 518 4431 credas
534 4364 698 4450 repagula,
716 4369 871 4429 exhausta
892 4361 1031 4444 proclria,
1049 4360 1094 4421 vel
1114 4355 1318 4430 xenodochia,
1336 4373 1367 4421 et
