3550 5467
404 765 477 811 csr.
495 747 580 827 sexu]
782 765 1037 812 rotrcuarrcus.
1292 756 1354 814 347

404 940 510 982 caecus
525 938 621 979 manu
636 915 767 980 alterius
781 917 949 1003 agebatur,
965 917 1102 1005 adjecit:
1141 922 1257 1005 Neque
1271 918 1361 984 Gali·

404 1019 486 1086 taeus
502 1022 592 1083 Deus
606 1031 682 1082 tuus
702 1041 813 1084 curare
836 1033 867 1084 te
889 1032 1003 1106 potest.
1052 1018 1228 1107 Respondit
1244 1019 1360 1085 Maris:

408 1120 538 1187 Gratias
560 1143 621 1205 ago
638 1122 709 1185 Deo
731 1122 788 1206 qui
810 1122 869 1186 hoc
890 1121 968 1207 egit,
986 1144 1026 1187 ue
1042 1136 1073 1188 te
1089 1122 1228 1187 viderem
1242 1122 1362 1208 pietate

407 1224 578 1288 nudatum.
625 1224 804 1309 Imperator
826 1238 933 1290 autem
957 1225 1051 1289 silens
1079 1226 1230 1291 abscessit
1259 1224 1363 1311 pbilo-

407 1326 545 1412 sophum
568 1327 732 1402 simulans,
757 1340 793 1391 ut
815 1326 1026 1391 ostentatione
1049 1325 1210 1413 patientias
1231 1328 1363 1412 pagani·

406 1441 505 1492 tatem
516 1427 687 1492 roboraret.
723 1427 812 1513 Lege
820 1441 926 1492 autem
938 1425 1089 1502 inhibuit,
1101 1448 1141 1490 ne
1151 1426 1360 1492 Galilaeorum

406 1527 476 1604 filii,
490 1529 672 1606 Poetarum,
685 1528 879 1606 Rhetorum,
889 1540 921 1591 et
937 1526 1204 1613 Philosophorum
1219 1525 1362 1611 legerent

405 1628 599 1716 disciplinas.
646 1629 798 1716 Propriis,
822 1628 938 1715 inquit,
967 1629 1050 1705 telis,
1081 1627 1256 1694 secundum
1286 1650 1361 1712 pro·

407 1730 562 1810 verbium,
584 1730 800 1795 vulneramur.
846 1732 901 1794 Ex
927 1730 1041 1794 uostris
1063 1729 1146 1794 euim
1169 1729 1295 1806 armati,
1318 1749 1361 1793 ex

410 1835 527 1898 uostris
552 1833 820 1919 conscriptoribus
845 1844 956 1896 contra
981 1853 1038 1895 nos
1069 1831 1151 1894 bella
1173 1828 1361 1915 suscipiunt.

413 1933 527 1999 Posuit
548 1944 582 1998 et
602 1931 695 1997 aliam
720 1933 832 2018 legem,
858 1931 1045 2021 praecipieus
1072 1931 1222 1997 Galilaeos
1246 1929 1363 2018 expelli

410 2034 542 2100 militiis.
586 2034 712 2117 Adjecit
734 2049 767 2101 et
789 2035 894 2111 aliam,
918 2050 953 2100 ut
984 2033 1127 2100 Galilaeis
1152 2034 1236 2099 bona
1259 2033 1364 2098 aufer-

409 2148 532 2215 rentur,
555 2134 704 2221 quoniam
729 2134 880 2200 Christus
902 2158 1011 2199 eorum
1039 2159 1092 2200 eos
1116 2157 1273 2222 pauperes
1296 2155 1363 2199 esse

410 2252 612 2325 praeceperat.
660 2238 791 2324 Scripsit
817 2237 1022 2324 Apollinaris,
1047 2239 1097 2302 vir
1123 2237 1238 2303 doctus
1260 2251 1292 2303 et
1318 2236 1363 2302 in-

411 2340 571 2423 geniosus,
587 2339 720 2404 heroicis
741 2340 883 2406 versibus
904 2363 962 2426 pro
983 2341 1117 2406 Homeri
1133 2353 1279 2427 poemtua
1296 2343 1363 2405 He·

410 2440 546 2505 braicam
569 2443 805 2527 antiquitatem,
826 2457 858 2507 et
880 2442 912 2506 in
937 2442 999 2506 alio
1026 2466 1122 2529 opere
1147 2443 1290 2508 imitatus
1314 2452 1364 2508 est

412 2539 581 2604 comoedias
597 2540 777 2619 Menandri,
788 2539 992 2604 fabulositate
1011 2540 1159 2604 deducta.
1197 2539 1363 2623 Euripidis

410 2664 538 2728 quoque
562 2641 744 2726 tragoedias,
766 2653 799 2705 et
820 2644 922 2725 lyram
949 2639 1078 2704 Pindari
1103 2649 1229 2705 secutus
1249 2649 1308 2717 est,
1330 2653 1362 2705 et

408 2743 553 2807 absolute
575 2742 758 2818 dicendum,
781 2741 859 2826 quia
881 2764 923 2806 ex
945 2739 1061 2805 divinis
1082 2740 1249 2826 scripturis
1267 2763 1364 2826 argu-

409 2858 517 2908 menta
545 2863 684 2920 sumens,
713 2862 822 2905 omnes
851 2841 1012 2906 endeticas
1040 2840 1190 2906 lectiones
1220 2856 1363 2929 tempore

411 2968 511 3030 parvo
526 2943 717 3030 composuit,
729 2965 871 3025 numero,
888 2945 1018 3020 virtute,
1034 2942 1190 3024 moribus,
1204 2945 1363 3032 conscrip-

412 3050 510 3124 tione,
535 3047 726 3123 charactere,
757 3054 790 3108 et
818 3044 1023 3131 dispositione
1054 3047 1241 3111 Graeoorum
1272 3046 1364 3113 valde
1461 3120 1464 3129 p

408 3170 510 3234 pares.
556 3147 647 3211 Fecit
667 3161 699 3213 et
719 3146 837 3211 librum
860 3146 1011 3223 nobilem,
1026 3145 1067 3209 ad
1089 3145 1195 3231 ipsum
1219 3148 1362 3235 Impera·

411 3266 527 3326 torem,
548 3250 614 3314 sive
632 3265 743 3315 contra
762 3248 981 3336 philosophos,
1002 3249 1035 3312 in
1056 3272 1123 3333 quo
1142 3250 1246 3315 tacitis
1264 3273 1363 3317 sacroe

412 3351 587 3437 Scripturoe
614 3351 815 3431 testimoniis,
836 3349 907 3414 illos
928 3347 1141 3434 irrefragabili
1166 3350 1287 3416 ratione
1307 3352 1363 3418 de·

411 3449 512 3536 sipere
542 3450 700 3537 probavit,
721 3466 753 3516 et
783 3473 817 3514 se
842 3471 918 3514 vera
943 3448 1059 3514 sentire
1085 3449 1126 3513 de
1153 3451 1235 3517 Deo.
1280 3450 1364 3527 Qute

412 3553 518 3638 legens
534 3558 723 3639 Imperator,
737 3553 831 3619 claris
845 3567 922 3619 tuuc
937 3551 1062 3638 scripsit
1075 3553 1244 3642 episcopis:
1271 3557 1365 3645 Legi,

408 3668 441 3720 et
469 3655 669 3742 reprehendi.
731 3656 793 3721 Cui
829 3657 970 3744 episcopi
1005 3655 1249 3744 rescripserunt:
1288 3663 1363 3729 Etsi

409 3756 524 3843 legisti,
535 3780 597 3823 uon
607 3758 776 3843 agnovisti.
810 3759 843 3824 Si
858 3758 941 3824 euim
954 3758 1145 3841 agnovisses,
1155 3783 1360 3850 nequaquam

411 3861 673 3948 reprehendisses.
720 3862 830 3928 Basilii
850 3876 958 3929 autern
983 3861 1207 3948 Cappadoceni
1223 3867 1364 3934 creditur

412 3963 479 4028 brec
494 3964 591 4029 fuisse
605 3963 747 4051 epistola.
793 3966 931 4030 Veniens
954 3966 1134 4050 Imperator
1151 3966 1365 4048 Antiochiam,

411 4090 448 4131 eo
462 4067 551 4153 quod
566 4068 595 4132 ei
615 4080 696 4132 esset
719 4066 820 4132 barba
840 4066 934 4131 valde
948 4066 1086 4150 prolixa,
1101 4064 1227 4128 derisus
1242 4079 1301 4147 est,
1315 4067 1364 4132 di-

413 4169 557 4234 centibus
572 4168 796 4235 Antiochenis:
829 4165 1032 4239 'l'ondeatnr,
1048 4178 1084 4228 ut
1099 4164 1139 4227 ad
1156 4164 1249 4227 funes
1266 4166 1365 4234 barba

408 4272 478 4356 ejus
489 4271 645 4358 proficiat.
682 4273 727 4334 Et
740 4266 815 4353 quia
826 4282 954 4331 taurum
967 4276 1171 4330 consueverat
1183 4264 1359 4346 immolare,

414 4387 541 4440 taurum
556 4388 588 4438 ct
602 4394 689 4437 aram
705 4394 764 4435 suo
778 4368 908 4433 formari
925 4366 1076 4452 pracepit
1091 4366 1123 4429 iu
1140 4365 1228 4432 solio.
1266 4372 1363 4437 Laue-
