3550 5467
405 762 470 806 use.
488 742 597 821 xxrn]
762 759 1019 803 rozrcnamcus.
1306 746 1366 804 179

405 911 520 975 umbra
544 911 720 996 procedere
742 911 850 983 soleat,
876 933 936 973 non
958 909 1075 982 redire;
1099 909 1183 972 misit
1201 909 1363 973 Barodach

409 1011 586 1077 Balandam
604 1011 691 1075 filius
706 1012 881 1077 Balandam
898 1036 956 1076 rex
973 1011 1220 1098 Babyloniorum
1244 1009 1365 1074 litteras

406 1129 439 1179 et
461 1138 598 1180 munera
618 1115 660 1178 ad
681 1115 852 1179 Ezechiam
879 1114 1024 1178 audierat
1048 1114 1131 1178 enim
1157 1112 1244 1199 quod
1265 1136 1365 1198 aegro·

406 1231 503 1281 tasset
536 1215 705 1280 Ezechias.
772 1220 917 1280 laetatus
945 1227 993 1278 est
1023 1229 1129 1279 autem
1161 1215 1191 1276 in
1222 1213 1362 1279 adventu

407 1342 516 1382 eorum
542 1317 711 1392 Ezechias,
734 1331 764 1380 et
788 1318 926 1381 ostendit
950 1317 994 1379 eis
1017 1317 1146 1380 domum
1174 1330 1363 1391 aromatum,

408 1435 441 1484 et
455 1442 585 1494 aurum,
601 1432 632 1482 et
648 1432 826 1504 argentum,
843 1432 875 1482 et
892 1418 1054 1504 pigmenta
1077 1418 1177 1480 varia:
1203 1432 1364 1501 unguenta

408 1544 550 1608 quoque,
565 1534 596 1584 et
621 1523 749 1585 domum
775 1543 922 1584 vasorum
947 1542 1088 1598 suorum,
1110 1533 1142 1583 et
1164 1519 1268 1581 omnia
1291 1542 1365 1603 quta

410 1622 529 1686 habere
543 1634 669 1707 poterat
685 1621 715 1683 in
732 1619 889 1682 thesauris
905 1620 979 1682 suis.
1027 1623 1098 1682 Non
1115 1619 1176 1681 fuit
1194 1618 1365 1703 quicquam

411 1724 500 1809 quod
518 1745 579 1787 non
596 1736 786 1786 monstraret
803 1722 848 1784 eis
864 1721 1021 1786 Ezechias
1036 1720 1067 1782 in
1091 1722 1188 1784 domo
1203 1743 1271 1796 sua,
1286 1735 1317 1783 et
1334 1720 1364 1782 in

411 1826 503 1893 omni.
515 1837 672 1911 potestate
688 1847 753 1888 sua.
801 1824 896 1887 Venit
909 1836 1015 1886 autem
1034 1823 1144 1886 Esaias
1156 1823 1311 1909 propheta
1326 1823 1365 1886 ad

412 1951 532 2013 regem,
548 1940 579 1992 et
595 1927 676 1991 dixit
692 1927 743 1989 ei:
767 1926 854 1999 Quid
876 1924 1029 1989 dixerunt
1046 1925 1104 1989 viri
1122 1926 1185 2002 isti,
1208 1942 1264 1989 aut
1283 1924 1367 1988 unde

413 2029 631 2094 veneruntad
656 2032 713 2092 te?
758 2031 820 2094 Cui
843 2029 887 2092 ait
910 2050 985 2090 rex:
1014 2032 1060 2091 l)e
1087 2043 1170 2092 terra
1195 2027 1367 2113 longinqua

414 2145 581 2205 venerunt,
612 2131 652 2194 de
682 2130 854 2216 Babylone.
904 2133 949 2194 At
981 2130 1033 2194 ille
1059 2130 1232 2215 respondit.
1278 2130 1364 2208 Quid

414 2234 565 2297 viderunt
589 2233 620 2295 in
644 2233 739 2296 domo
763 2237 843 2295 tua?
874 2231 932 2295 Ait
957 2232 1130 2296 Ezechias:
1163 2233 1278 2298 Omnia
1294 2257 1367 2318 quas

414 2350 487 2399 sunt
520 2336 552 2398 iu
575 2334 671 2398 domo
693 2357 773 2410 mea,
798 2333 955 2398 viderunt.
1001 2334 1090 2397 Nihil
1114 2349 1161 2399 est
1192 2335 1280 2420 quod
1305 2357 1366 2398 non

415 2438 656 2501 monstraverim
673 2436 764 2499 eisin
782 2437 939 2499 thesauris
954 2437 1039 2499 meis.
1087 2437 1245 2522 Dixitque
1261 2436 1369 2499 Esaias

416 2539 581 2602 Ezechiae:
598 2537 682 2602 Audi
699 2560 873 2600 sermonem
894 2538 1031 2600 Domini.
1055 2539 1139 2601 Ecce
1155 2538 1369 2612 diesvenient,

414 2651 448 2703 et
469 2640 658 2703 auferentur
676 2640 782 2702 omnia
802 2661 875 2724 quae
898 2652 973 2701 sunt
995 2639 1027 2702 in
1044 2639 1138 2702 domo
1160 2652 1226 2713 tua,
1243 2652 1274 2701 et
1295 2661 1368 2723 qum

415 2740 629 2805 condiderunt
644 2754 750 2826 patres
765 2740 822 2819 tui,
839 2764 941 2825 usque
963 2741 995 2802 in
1012 2740 1096 2803 diem
1113 2741 1203 2817 hanc,
1218 2743 1249 2803 in
1264 2740 1370 2824 Baby·

415 2840 531 2905 lonem.
570 2845 644 2906 Non
661 2842 833 2905 remanebit
845 2842 1030 2926 quicquam,
1043 2841 1088 2902 ait
1105 2841 1272 2903 Dominus.
1306 2838 1368 2902 Sed

417 2942 457 3006 de
478 2942 553 3005 filiis
575 2941 640 3006 tuis
662 2942 717 3027 qui
740 2942 945 3026 egredientur
964 2940 1005 3003 de
1029 2955 1071 3012 te,
1094 2963 1174 3027 quos
1195 2939 1371 3023 generabis,

419 3043 584 3121 tollentur,
599 3058 631 3108 et
646 3059 740 3109 erunt
752 3044 904 3108 Eunuchi
919 3044 950 3105 in
964 3042 1082 3127 palatio
1092 3042 1174 3124 regis
1187 3040 1368 3123 Babylonis.

420 3145 456 3208 ln
481 3145 649 3231 superficie
678 3145 809 3231 quidem
832 3143 976 3208 historiae
1007 3140 1180 3205 secundum
1206 3140 1372 3219 Hebraeos,

417 3257 551 3310 auctore
575 3245 785 3330 Hieronymo,
813 3244 928 3308 veritas
952 3242 1063 3328 liquet,
1086 3264 1187 3327 quum
1219 3241 1371 3316 Ananias,

420 3345 562 3424 Azurion,
577 3346 702 3425 Misael,
717 3369 788 3409 cum
809 3344 942 3410 Daniele
957 3344 1108 3429 captivati
1127 3357 1200 3406 sunt
1217 3343 1247 3405 in
1269 3343 1374 3428 Baby·

418 3448 536 3528 lonem,
550 3448 659 3533 ibique
675 3449 817 3526 castrati,
839 3461 875 3511 ut
892 3452 922 3511 in
946 3449 1029 3531 regis
1050 3447 1179 3535 palatio,
1200 3444 1371 3508 secuudum

418 3572 539 3616 morem
569 3549 713 3635 gentium
745 3550 978 3613 ministrarent:
1003 3549 1062 3612 nisi
1092 3550 1175 3613 forte
1204 3562 1372 3634 repugnet,

419 3652 507 3738 quod
523 3651 616 3736 pueri
633 3652 697 3714 sine
718 3650 842 3713 macula
856 3673 875 3713 a
891 3649 1130 3735 regejubentur
1151 3648 1319 3722 introduci,
1338 3664 1373 3713 ut

420 3752 562 3839 linguam
580 3753 806 3818 Chaldaeorum
826 3752 993 3829 discerent,
1012 3765 1044 3815 et
1065 3765 1185 3815 constet
1210 3751 1295 3835 quod
1312 3773 1374 3813 non

421 3854 517 3918 modo
539 3853 679 3917 thesauri
697 3854 780 3938 regis
807 3853 905 3917 Judae
931 3854 962 3916 in
991 3854 1201 3938 Babyloniam
1231 3852 1375 3917 translati

423 3968 508 4034 sunt,
538 3953 594 4018 sed
626 3976 740 4037 magna
769 3975 843 4038 pars
865 3976 1012 4016 vasorum
1043 3952 1152 4039 templi
1184 3951 1314 4016 Domini
1344 3954 1376 4015 in

426 4056 628 4123 Hierusalem
638 4070 801 4142 asportata
813 4054 949 4140 legatur,
962 4069 993 4119 et
1004 4057 1180 4141 profanata.
1206 4054 1378 4136 Eleganter

425 4173 528 4224 tamen
542 4181 643 4242 quum
658 4157 816 4222 Dominus
828 4157 895 4240 regi
908 4157 1094 4220 miraculum
1106 4154 1299 4225 indulsisset,
1316 4156 1377 4215 Ba-

426 4260 630 4346 byloniornm
642 4259 795 4324 dicuntur
811 4258 916 4322 nuncii
929 4280 1000 4321 cum
1012 4251 1378 4320 muneribusaccessisse.

427 4363 511 4439 Quia
535 4375 613 4425 tunc
636 4361 796 4445 ptaecipue
820 4360 892 4443 quis
915 4356 1102 4420 sollicitatur
1125 4377 1142 4416 a
1167 4353 1289 4415 nunciis
1310 4375 1382 4415 eon-

880 4467 936 4522 nt
