3550 5467
404 726 479 771 car.
495 709 582 788 mu]
761 725 1014 772 mercatrices.
1305 708 1368 770 296

408 876 515 941 bonus
532 898 611 951 esse,
627 875 716 961 quod
737 897 798 939 non
819 888 876 941 est.
915 879 960 940 Et
980 876 1051 940 ideo
1067 875 1200 940 virtutes
1220 875 1362 953 habenti,

408 1001 528 1065 magna
539 979 644 1044 virtus
652 992 700 1043 est
711 993 911 1045 contemnere
922 978 1067 1064 gloriam,
1076 979 1152 1065 quia
1163 991 1366 1063 contemptus

407 1083 481 1170 ejus
496 1083 529 1145 in
544 1095 716 1168 conspectu
734 1083 795 1146 Dei
810 1095 868 1161 est,
879 1080 1004 1167 judicio
1018 1094 1125 1146 autem
1144 1104 1205 1146 non
1220 1082 1364 1167 aperitur

410 1185 563 1250 humano.
601 1188 639 1248 In
656 1182 876 1250 laudatoribus
890 1196 996 1249 autem
1018 1183 1084 1248 suis
1098 1183 1244 1271 quamvis
1258 1181 1363 1268 parvi-

411 1287 532 1375 pendat
559 1285 645 1373 quod
672 1308 744 1350 eum
772 1285 917 1362 laudant,
941 1307 1002 1349 non
1031 1298 1135 1350 tamen
1160 1283 1363 1371 parvipendit

410 1389 502 1477 quod
518 1398 636 1453 amant.
679 1391 747 1452 Nec
761 1410 815 1452 eos
829 1387 898 1452 vult
912 1385 1021 1451 fallere
1036 1386 1213 1464 laudantes,
1226 1409 1265 1451 ne
1279 1386 1363 1450 deci·

410 1494 481 1578 piat
496 1490 675 1576 diligentes.
706 1489 849 1576 ideoque
864 1489 961 1553 instat
976 1489 1124 1553 ardenter
1140 1502 1175 1554 ut
1190 1489 1297 1574 potius
1311 1486 1364 1552 ille

412 1593 575 1672 laudetur,
598 1615 618 1655 a
642 1615 709 1678 quo
735 1592 831 1656 habet
858 1591 964 1667 homo,
989 1589 1145 1677 quicquid
1171 1590 1204 1655 in
1230 1611 1268 1655 eo
1290 1590 1366 1674 jure

411 1695 577 1761 landatur.
607 1695 672 1773 Qui
684 1708 791 1760 autem
804 1692 914 1780 gloriae
926 1707 1135 1779 contemptor,
1146 1688 1369 1757 dominationis

411 1809 461 1862 est
477 1797 602 1873 avidus,
617 1797 734 1861 bestias
749 1809 878 1882 superat
895 1795 959 1858 sive
977 1793 1175 1859 crudelitatis
1192 1793 1288 1869 vitiis,
1304 1790 1369 1856 sive

413 1897 564 1962 luxuriae.
590 1896 684 1962 Tales
697 1896 839 1982 quidem,
851 1908 931 1960 teste
942 1917 1057 1982 magno
1069 1908 1159 1982 patre
1172 1892 1369 1981 Augustino,

414 1999 552 2065 Romani
561 2000 702 2063 luerunt.
722 2002 913 2084 Namquum
923 2019 1032 2061 eorum
1044 1998 1367 2084 vitiapercurruntur,

413 2125 493 2188 gens
514 2101 604 2166 nulla
626 2101 783 2174 deterior3
815 2122 914 2186 quum
932 2100 1077 2177 virtutes,
1093 2100 1181 2166 nulla
1202 2099 1307 2186 potior
1321 2098 1369 2164 in-

416 2203 554 2269 venitur.
589 2202 676 2269 Alius
691 2215 796 2268 tamen
811 2215 921 2287 gentes
936 2224 997 2266 non
1013 2202 1133 2267 crudeli
1149 2202 1299 2282 dominio,
1313 2200 1369 2266 sed

414 2317 583 2371 mansueto
595 2305 848 2390 subjugaverunt
861 2304 1004 2390 imperio.
1035 2307 1079 2370 Et
1092 2306 1180 2392 quod
1193 2304 1369 2370 moderatio

415 2407 598 2495 acquisivit,
615 2427 671 2472 aut
686 2406 870 2485 crudelitas,
885 2425 943 2472 aut
963 2407 1090 2472 luxuria
1106 2409 1257 2495 perdidit.
1296 2408 1369 2473 Non

415 2509 502 2574 enim
527 2508 769 2572 existimationis
795 2509 921 2588 amissa,
945 2506 1169 2574 dominationis
1193 2508 1371 2594 cupiditate

413 2623 598 2674 caruerunt.
630 2608 691 2672 Sed
705 2609 799 2694 hujus
809 2610 876 2673 vitii
888 2610 1113 2688 summitatem,
1122 2624 1154 2674 et
1165 2612 1256 2694 quasi
1267 2631 1369 2674 arcem

415 2710 593 2798 quandam,
610 2713 697 2774 Nero
713 2712 821 2773 Caesar
844 2709 966 2796 primus
979 2709 1139 2773 obtinuit:
1167 2711 1260 2795 cujus
1282 2722 1372 2777 tanta

417 2812 480 2876 luit
495 2811 650 2888 luxuries,
665 2811 699 2876 ui
721 2811 799 2875 nihil
815 2811 856 2874 ab
871 2834 910 2874 eo
932 2822 1101 2894 putaretur
1115 2810 1205 2873 virile
1227 2823 1370 2877 metuen-

416 2915 515 2979 dum:
540 2926 631 2979 tanta
645 2913 827 2990 crudelitas,
845 2927 881 2978 ut
897 2913 974 2978 nihil
991 2913 1085 2977 molle
1100 2913 1216 2977 habere
1230 2911 1371 2977 credere-

418 3030 485 3096 tur,
499 3019 525 3080 si
540 3029 621 3080 esset
637 3014 776 3102 ignotus.
816 3016 921 3079 Nemo
935 3039 973 3080 eo
991 3014 1143 3100 gulosior,
1159 3036 1251 3079 nemo
1265 3027 1372 3080 canto-

416 3141 503 3196 rum,
517 3131 549 3183 et
565 3117 767 3193 histrionum,
778 3116 994 3204 similiumque
1010 3117 1110 3203 magis
1124 3116 1285 3202 gaudebat
1299 3139 1373 3183 con-

417 3220 528 3301 sortio,
543 3241 635 3284 nemo
655 3218 860 3285 luxuriosior.
898 3219 1063 3306 Siquidem
1084 3232 1120 3285 ut
1139 3242 1173 3284 se
1191 3217 1372 3287 vendicaret

416 3345 438 3387 a
460 3323 551 3387 cultu
578 3338 610 3388 et
634 3321 833 3387 liberalitatis
856 3321 1006 3408 imagine,
1031 3324 1151 3387 nullam
1178 3334 1296 3387 vestem
1320 3321 1371 3387 bis

418 3423 535 3490 induit.
578 3424 661 3501 Quis
690 3436 797 3488 tamen
827 3422 908 3487 adeo
938 3418 1083 3507 perditus
1111 3434 1171 3499 est,
1202 3433 1238 3488 ut
1267 3421 1372 3508 ipsum

417 3524 551 3590 laudet?
583 3524 814 3590 Demosthenes
839 3536 1011 3609 antequam
1037 3522 1141 3589 virtus
1162 3523 1280 3611 eloquii
1303 3525 1373 3610 ejus

418 3625 620 3703 innotuisset,
639 3625 744 3691 cultus
763 3624 952 3711 operosioris
974 3623 1093 3689 dicitur
1113 3625 1272 3711 appetisse
1293 3625 1375 3691 nito·

417 3749 505 3801 rem;
545 3725 644 3792 sciens
668 3724 745 3813 quia
771 3748 915 3813 purpura
939 3725 1135 3791 causidicum
1160 3727 1279 3793 vendit.
1325 3729 1381 3791 At·

418 3841 589 3915 postquam
602 3827 747 3892 notitiam
758 3839 790 3891 et
802 3827 919 3891 famam
931 3840 1094 3894 assecutus
1109 3841 1157 3894 est
1167 3829 1372 3916 eloquentiae,

418 3943 496 4016 toga
518 3942 686 3995 contentus
707 3942 767 4005 est,
791 3928 899 3996 dicens
921 3953 954 3995 se
975 3931 1056 3996 velle
1078 3931 1139 3996 sibi
1161 3955 1181 3997 a
1200 3954 1234 3996 se
1253 3930 1371 4017 potius,

419 4054 515 4117 quam
532 4053 552 4094 a
570 4031 672 4095 nitore
694 4031 843 4109 vestium,
858 4043 915 4096 aut
937 4032 1027 4098 cultu
1048 4033 1208 4118 exquisito
1229 4043 1373 4096 constare

418 4131 565 4217 gloriam.

523 4250 618 4302 Omnis
629 4249 792 4321 Aristippum
804 4249 891 4301 decuit
900 4248 979 4313 color,
989 4254 1019 4301 et
1026 4254 1120 4313 stshrs,
1133 4254 1161 4302 et
1171 4264 1223 4312 res,

526 4333 655 4396 Quolibet
666 4336 772 4388 indutas
782 4333 950 4387 celeberrima
960 4351 1007 4404 per
1017 4332 1074 4386 loca
1085 4331 1164 4385 radit.
