3550 5467
436 866 496 924 tss
693 878 828 922 tosssrs
843 876 1125 922 ssussasnrsssrs
1232 860 1314 942 [ars.
1330 883 1378 926 ru.

432 1031 608 1093 Martinum
625 1053 687 1094 non
703 1028 825 1093 audivit
841 1027 971 1093 ecclesia
984 1027 1197 1093 defensorem.
1244 1030 1336 1094 Errat
1349 1032 1377 1095 in

430 1130 513 1195 tide:
537 1133 598 1196 hoc
619 1133 728 1196 fecisse
748 1131 868 1195 dicitur
883 1130 1076 1217 Cyprianus.
1125 1131 1378 1197 valetudinarius

428 1246 495 1297 cst:
526 1234 580 1296 scd
612 1233 790 1315 Gregorius
811 1237 843 1298 in
866 1255 991 1297 summo
1021 1231 1179 1317 languore
1208 1236 1376 1298 Romanam

427 1332 548 1416 optime
577 1336 768 1419 gubernavit
798 1332 970 1399 ecclesiam.
1022 1334 1192 1418 Superbus
1221 1347 1255 1397 et
1286 1356 1377 1397 vanus

427 1450 495 1499 est:
520 1436 576 1500 sed
599 1436 671 1501 talis
701 1437 762 1501 tuit
786 1438 913 1501 Bricius
934 1434 1139 1498 Turonensis.
1186 1437 1329 1520 Corpore
1347 1452 1376 1500 et

427 1539 578 1602 membris
598 1538 783 1603 debilitatus
804 1552 867 1601 est:
892 1536 947 1600 sed
978 1537 1038 1600 hoc
1060 1534 1190 1621 egregio
1212 1537 1374 1600 confessori

427 1639 904 1726 Paphnuciolegituraccidisse.
928 1638 1236 1702 condemnationem
1246 1639 1377 1702 ambitus

427 1739 523 1805 tulit:
554 1740 608 1804 sed
632 1754 662 1804 et
686 1740 823 1803 liliorum
840 1738 981 1802 Zebedei
996 1736 1174 1823 petentium
1197 1739 1375 1823 primatum,

425 1855 475 1906 est
504 1842 616 1927 petitio
638 1840 814 1927 reprobata.
862 1839 1016 1903 Haeresim
1039 1838 1238 1925 quandoque
1252 1839 1372 1903 docuit:

426 1942 480 2006 sed
497 1943 698 2027 Augustinus
713 1964 745 2004 se
763 1940 969 2004 Manicheum
986 1939 1084 2002 luisse
1099 1938 1232 2003 latetur.
1271 1940 1373 2005 Coluit

425 2042 528 2107 idola:
552 2043 606 2106 sed
621 2056 653 2106 et
678 2041 884 2106 Marcellinus
905 2054 1028 2125 martyr
1047 2040 1183 2124 insignis
1196 2041 1231 2104 in
1247 2055 1373 2128 papatu,

424 2144 608 2208 thurificare
623 2145 805 2230 compulsus
825 2157 883 2207 est.
929 2144 1028 2206 Forte
1042 2142 1184 2206 nondum
1199 2156 1249 2207 est
1272 2143 1374 2210 Chris·

424 2248 546 2307 tianus:
578 2244 631 2308 sed
668 2245 743 2308 dum
774 2245 1021 2308 catechumenus
1056 2258 1149 2318 esset,
1181 2245 1268 2308 beati
1299 2247 1373 2310 Am-

422 2345 518 2408 brosii
534 2346 597 2410 fuit
614 2347 662 2422 (ut
679 2346 833 2429 traditur)
849 2345 961 2410 electio
971 2345 1138 2409 celebrata.
1186 2348 1373 2410 Persecutus

421 2459 470 2510 est
500 2447 674 2512 Ecclesiam
703 2447 787 2510 Dei:
809 2447 862 2509 sed
894 2459 926 2510 et
956 2447 1076 2511 Paulus
1105 2468 1146 2510 ex
1174 2462 1374 2532 persecutore

421 2549 526 2613 factus
548 2568 596 2613 est
621 2548 822 2635 praedicator.
870 2548 992 2613 Electio
1020 2547 1123 2612 deest:
1149 2548 1203 2611 sed
1228 2562 1261 2613 et
1286 2552 1374 2634 Apo·

420 2651 493 2716 stoli
515 2674 577 2733 non
599 2651 783 2738 petentibus
805 2651 932 2736 populis
951 2650 1139 2715 missisunt.
1186 2650 1260 2714 Non
1284 2664 1371 2715 vacat

420 2753 511 2817 sedes
532 2753 563 2817 in
594 2776 690 2840 quam
714 2768 819 2838 posset
849 2752 993 2816 intrudi:
1017 2751 1147 2816 accedat
1170 2752 1370 2838 praecedenti.

420 2858 503 2920 Nam
519 2867 552 2920 et
568 2856 767 2938 Augustinus
783 2854 909 2917 Valerio
926 2855 1127 2940 Hipponiensi
1143 2876 1207 2917 nou
1225 2867 1290 2919 tam
1306 2876 1371 2918 suc-

417 2961 559 3034 cessisse,
581 2979 678 3044 quam
708 2958 871 3021 accessisse
901 2956 1102 3020 describitur.
1150 2958 1278 3020 Avarus
1304 2970 1368 3021 est:

417 3059 560 3145 dispersa
572 3060 688 3146 poterit
698 3081 906 3144 congregare:
931 3074 962 3122 et
973 3059 1130 3122 inutiliter
1141 3079 1203 3122 non
1217 3058 1369 3122 distrahet

416 3176 618 3246 congregata.
663 3162 711 3224 Ut
723 3160 832 3244 paucis
843 3160 989 3222 universa
1000 3159 1203 3245 complectar,
1214 3161 1255 3224 ad
1267 3164 1369 3224 omnis

414 3264 544 3349 ineptus
558 3274 622 3327 ests
647 3263 701 3327 sed
714 3267 845 3328 Samson
858 3262 889 3325 in
906 3260 1093 3326 mandibula
1107 3263 1186 3327 asini
1201 3261 1367 3326 Philistiim

414 3365 622 3451 expugnavit.
670 3364 787 3428 Potens
809 3378 907 3429 estet
930 3386 1014 3428 nunc
1037 3365 1128 3427 Deus
1144 3365 1187 3428 de
1208 3364 1368 3450 lapidibus

414 3467 566 3530 suscitare
591 3467 672 3529 lilios
695 3464 842 3529 Abrahae.
891 3465 939 3530 sd
963 3465 1032 3529 haec
1053 3463 1190 3531 dubium
1213 3489 1283 3532 esse
1308 3488 1365 3529 non

412 3566 507 3630 debet
523 3567 609 3652 quod
626 3566 776 3629 cathedra
799 3565 1001 3653 Episcopalis
1020 3584 1145 3632 sanctas
1166 3570 1297 3653 rccipat,
1313 3580 1367 3632 aut

412 3680 536 3730 sanctos
557 3667 645 3730 facit.
691 3671 773 3731 Nam
790 3681 821 3731 et
838 3691 940 3751 quum
969 3668 1046 3734 Saul
1074 3668 1227 3733 inunctus
1241 3685 1322 3734 esset
1337 3668 1366 3732 in

412 3769 644 3853 regcm‚insiliit
654 3768 684 3831 in
697 3791 766 3833 eum
782 3770 922 3854 Spiritus
932 3769 1073 3846 Domini,
1086 3773 1365 3857 prophetavitque,

409 3882 441 3932 et
458 3881 602 3933 mutatus
613 3884 660 3932 est
676 3869 707 3932 in
721 3870 824 3932 virum
838 3869 946 3934 alium.
978 3872 1283 3959 Caiaphasquoque
1294 3875 1365 3937 licet

410 3969 593 4052 sacrilegus,
608 3983 639 4033 et
655 3970 712 4055 qui
729 3990 801 4033 cum
818 3969 943 4034 Judaeis
958 3972 1195 4055 conspiraverat
1212 3973 1244 4037 in
1259 3995 1365 4038 necem

408 4076 585 4148 salvatoris,
597 4094 697 4158 quum
711 4085 792 4135 esset
806 4071 947 4155 pontifex
961 4073 1034 4135 anni
1045 4072 1140 4149 illius,
1153 4076 1366 4161 prophetavit,

409 4189 446 4240 ut
461 4189 587 4240 constet
603 4175 707 4260 ipsum
724 4173 765 4236 ab
779 4171 883 4235 officio
899 4173 1086 4258 prophetiis,
1103 4177 1255 4259 gratiam,
1271 4199 1364 4264 quam

406 4278 619 4353 demeruerat,
642 4276 806 4361 accepisse.
853 4277 960 4351 Quum
984 4298 1060 4360 ergo
1083 4277 1174 4340 sedes
1197 4284 1315 4359 suavis,
1335 4292 1366 4342 et

406 4380 500 4444 dulce
514 4381 646 4464 lignum,
662 4377 762 4462 gratis
776 4390 807 4440 et
824 4376 892 4441 sine
907 4375 1014 4440 labore
1025 4377 1132 4440 omnia
1140 4377 1366 4445 desiderabilia
