3550 5467
411 717 475 773 ‘256
673 724 810 770 massis
827 722 1124 768 sanstissimae
1214 707 1293 782 [tta.
1307 722 1361 769 rnr.

410 880 525 942 trinam
542 899 630 940 suam
647 877 679 939 in
701 876 842 941 medium
863 874 1112 961 proferendam,
1129 876 1211 962 quia
1230 897 1288 939 non
1307 873 1360 938 ruit

409 981 516 1049 latere,
532 978 618 1065 quod
640 977 765 1051 didicit,
781 982 923 1042 maxime
944 978 972 1041 si
995 977 1145 1050 seientia,
1163 1000 1259 1065 quarn
1273 975 1362 1041 lamis

408 1081 568 1168 quaesivit,
583 1101 656 1143 cum
672 1080 782 1166 paucis
797 1079 842 1144 illi
864 1080 1047 1152 familiaris,
1064 1092 1100 1143 et
1115 1079 1267 1166 plurimis
1280 1076 1316 1143 sit
1327 1083 1362 1144 io·

406 1183 544 1268 cognita,
562 1195 599 1245 ut
621 1184 662 1245 de
684 1183 890 1261 astronomia,
912 1181 965 1245 vel
986 1182 1174 1255 dialectica,
1195 1186 1361 1268 catenaque

407 1284 573 1348 similibus.
620 1284 716 1347 Tunc
745 1287 828 1346 enim
863 1282 1019 1348 sidentur
1048 1285 1209 1370 consequi
1238 1285 1360 1347 fructum

408 1384 534 1463 laboris,
543 1409 644 1471 quum
657 1384 879 1470 adipiscuntur
889 1388 1092 1449 occasionem
1105 1385 1291 1472 publicandi
1301 1408 1360 1473 que

408 1486 585 1551 didicerant
601 1489 667 1550 sine
681 1487 901 1551 ostentationis
916 1500 1017 1559 nota;
1042 1511 1114 1574 qua
1127 1500 1229 1565 caret,
1244 1488 1297 1575 qui
1312 1510 1359 1552 non

409 1589 535 1674 ingerit,
563 1589 617 1653 sed
643 1590 798 1654 invitatur
828 1603 864 1652 ut
894 1590 1052 1674 proferat.
1101 1592 1227 1655 Contra
1255 1613 1360 1675 magne

410 1694 634 1759 amaritudinis
651 1708 711 1768 est,
726 1693 750 1756 si
772 1714 876 1755 coram
893 1691 1007 1755 multis
1027 1691 1173 1777 aliquem
1195 1693 1362 1776 interroges,

410 1796 498 1881 quod
515 1819 576 1860 non
593 1796 699 1881 opima
718 1795 848 1859 scientia
860 1794 1024 1878 quaesivit.
1064 1796 1210 1880 Cogitur
1223 1796 1303 1860 enim
1316 1809 1361 1860 aut

407 1920 525 1983 negare
540 1923 572 1962 se
587 1899 677 1974 scire,
692 1897 780 1984 quod
796 1912 975 1961 extremum
993 1898 1201 1963 verecundiae
1223 1898 1361 1964 damnum

410 2013 538 2082 putant,
553 2014 610 2063 aut
627 1998 819 2083 respondens
839 2011 958 2061 temere
974 2020 1009 2061 se
1032 1999 1166 2063 eventui
1184 1999 1249 2064 veri
1266 1999 1363 2063 falsive

409 2101 618 2164 committere.
656 2101 753 2164 Unde
768 2123 852 2188 saepe
866 2100 1010 2163 nascitur
1026 2101 1164 2165 inscitiae
1180 2102 1362 2189 proditio,et

410 2199 469 2263 hoc
484 2223 578 2263 omne
590 2201 802 2266 infortunium
818 2201 954 2287 pudoris
966 2203 1014 2266 sui
1030 2206 1174 2289 imputat
1185 2203 1362 2267 consulenti.

410 2301 478 2365 Nec
489 2322 552 2364 non
564 2316 596 2365 et
609 2302 665 2387 qui
677 2302 826 2367 obierunt
837 2306 937 2366 maria
949 2319 981 2367 et
992 2317 1106 2383 terras,
1115 2303 1262 2388 gaudent
1272 2324 1362 2390 quum

409 2401 449 2466 de
464 2403 576 2486 ignoto
591 2402 711 2480 multis,
730 2403 777 2467 vel
795 2418 951 2469 terrarum
969 2405 1047 2481 situ,
1063 2404 1114 2469 vel
1130 2407 1205 2472 sinu
1218 2406 1313 2470 maris
1325 2407 1364 2470 in·

410 2519 624 2589 terrogantur‚
646 2506 846 2592 libenterque
872 2506 1078 2592 respondent,
1101 2522 1135 2573 et
1164 2509 1233 2573 loca
1259 2508 1365 2573 descri-

410 2606 505 2681 bunt,
521 2605 616 2670 modo
639 2606 754 2685 verbis,
768 2604 864 2669 modo
884 2603 995 2680 radi03
1024 2607 1202 2691 gloriosum
1226 2622 1365 2694 putantes

410 2728 486 2792 quae
515 2706 573 2792 ipsi
606 2707 761 2778 viderant,
792 2705 924 2769 aliorum
955 2706 1058 2772 oculis
1086 2709 1238 2795 objicere.
1285 2708 1363 2788 Quid

411 2807 519 2890 duces,
544 2808 590 2873 vel
615 2809 741 2881 milites,
764 2832 860 2894 quam
888 2809 1015 2874 fortiter
1041 2834 1061 2874 a
1082 2834 1116 2875 se
1138 2812 1227 2876 facts
1250 2832 1366 2898 semper

411 2910 600 2987 dicturiunt,
616 2926 648 2975 et
665 2925 768 2975 tamen
785 2924 887 2975 tacent
907 2913 1103 2996 armgantiae
1119 2928 1220 2980 metu.
1259 2916 1365 2979 Nonne

413 3011 443 3075 hi
459 3014 485 3077 si
499 3028 535 3078 ut
551 3014 620 3079 haec
634 3012 770 3078 referant
786 3013 973 3091 invitentur,
985 3016 1164 3080 mercedem
1181 3018 1244 3082 sibi
1256 3016 1366 3083 laboris

410 3115 569 3180 aestimant
589 3116 796 3203 persolutam,
812 3115 1097 3181 remunerationem
1121 3133 1276 3204 putantes
1290 3119 1366 3184 inter

411 3214 551 3281 volentes
566 3239 692 3279 narrare
707 3240 782 3303 quae
796 3216 959 3281 fecerant?
985 3217 1079 3282 Adeo
1093 3231 1203 3284 autern
1220 3220 1254 3284 id
1269 3242 1367 3306 gentis

411 3320 600 3384 narrationis
612 3319 707 3385 habet
720 3319 876 3404 quendam
889 3318 1001 3403 gtoriae
1013 3344 1171 3407 saporem,
1184 3338 1222 3388 ut
1232 3326 1258 3387 si
1271 3320 1365 3389 invidi

409 3419 459 3483 vel
483 3421 589 3484 aemuli
613 3421 696 3485 forte
717 3434 888 3508 presentes
911 3422 984 3496 sint,
1001 3422 1082 3486 tales
1104 3424 1367 3511 interrogationes

408 3520 622 3607 obstrependo
651 3521 835 3604 discutiant,
864 3538 897 3588 et
926 3523 1004 3588 alias
1034 3525 1205 3591 inserendo
1234 3525 1367 3603 fabulas,

408 3622 577 3707 prohibent
593 3623 647 3687 illa
667 3628 800 3703 narrari,
816 3650 891 3712 quaa
906 3627 1006 3691 solent
1028 3627 1160 3693 laudem
1177 3651 1284 3694 creare
1299 3650 1367 3695 nar·

407 3722 500 3786 ranti.
528 3722 675 3788 Pericula
683 3748 814 3813 quoque
823 3732 997 3815 praeterita,
1010 3727 1059 3791 vel
1071 3753 1235 3796 aerumnas
1246 3732 1368 3819 penitus

408 3823 569 3889 absolutas
584 3826 640 3912 qui
656 3828 769 3905 evasit,
784 3844 819 3894 ut
836 3831 953 3895 referat
969 3831 1150 3914 gratissime
1166 3847 1366 3921 provocatur.

410 3930 493 3992 Nam
506 3930 562 4014 qui
574 3928 680 3993 adhuc
692 3929 723 3992 in
735 3930 812 4017 ipsis
827 3931 876 3995 vel
889 3931 1057 4019 paululum
1070 3933 1252 4014 detinetur,
1264 3937 1365 4000 horret

408 4030 665 4112 admonitionem,
681 4046 713 4098 et
728 4033 881 4099 formidat
898 4034 1045 4111 relatum,
1064 4049 1099 4100 ut
1119 4038 1278 4124 Virgilius

550 4151 649 4203 Forsan
662 4157 688 4203 et
699 4150 755 4203 baec
768 4151 829 4204 clim
842 4153 990 4205 meminisse
998 4153 1112 4225 jurabit.

408 4256 511 4319 Juvat
534 4258 677 4340 siquem
701 4254 805 4320 dicere
822 4258 959 4341 jusseris
981 4257 1074 4322 amici
1099 4259 1149 4323 sui
1173 4258 1366 4346 repentinam

408 4356 602 4436 felicitatem,
631 4379 727 4442 quam
758 4372 871 4444 sponte
901 4382 962 4423 non
998 4359 1138 4424 audebat
1170 4361 1291 4438 dicere,
1322 4361 1367 4422 vel
