3550 5467
423 707 487 768 252
684 717 820 763 iornms
834 717 1128 763 sinnsnnmsssrs
1219 701 1306 776 [nra.
1320 719 1382 763 vm.

426 873 524 936 totius
539 869 749 958 philosophici
770 881 873 934 coetus
889 868 995 933 tendit
1018 869 1172 948 intentio,
1188 871 1309 935 scilicet
1323 871 1383 935 tinir

424 971 584 1048 honestus,
602 972 696 1037 laetus
710 972 815 1035 exitus
830 985 862 1035 et
873 969 1055 1057 jucundus,
1069 972 1129 1058 qui
1155 972 1255 1058 plane
1269 975 1382 1038 evenire

424 1098 485 1140 non
515 1078 642 1161 poterit,
671 1073 730 1138 nisi
762 1072 964 1160 philosophia
996 1074 1154 1139 omnibus
1184 1074 1328 1155 officinis,
1351 1091 1379 1140 et

420 1179 561 1243 omnium
579 1177 731 1241 ministris
745 1177 922 1241 officiorum
939 1174 1110 1242 custodem
1128 1177 1286 1243 adhibeat
1301 1201 1378 1244 vere-

421 1283 582 1360 cundiam,
604 1304 678 1367 quae
702 1302 816 1366 parens
839 1292 899 1355 est,
922 1292 959 1344 ut
990 1279 1037 1343 ait
1067 1281 1261 1358 Cassianus,
1283 1284 1375 1347 omnis

423 1385 545 1449 honesti
560 1383 694 1461 consilii,
712 1382 885 1446 solennium
903 1381 1077 1446 officiorum
1101 1383 1218 1459 tutela,
1235 1387 1375 1471 magistra

420 1487 622 1566 innocentiae,
642 1508 715 1550 cara
740 1485 905 1572 proximis,
931 1497 1063 1571 accepta
1089 1485 1216 1559 alienis,
1242 1488 1372 1572 privatas

422 1587 587 1675 negligens
608 1587 786 1662 facultates,
819 1600 855 1651 ut
877 1609 1064 1652 communes
1086 1588 1275 1673 amplificet,
1298 1596 1373 1655 omni

423 1691 503 1768 loco,
518 1692 603 1755 omni
620 1705 761 1776 tempore
776 1713 843 1776 prae
852 1712 885 1753 se
900 1689 1109 1753 favorabilem
1120 1713 1238 1775 gerens
1248 1692 1373 1757 vultum.

424 1792 513 1857 Adeo
527 1793 671 1880 quidem,
686 1806 721 1856 ut
738 1793 832 1856 etiam
855 1791 1079 1856 inverecundis
1099 1793 1227 1857 seratur
1240 1810 1371 1881 accepta

423 1895 557 1959 Athenis
573 1895 702 1978 quidam
727 1894 849 1959 ultimae
865 1898 1051 1970 senectutis,
1074 1918 1176 1981 quum
1199 1911 1370 1983 spectatum

422 1993 515 2059 ludos
536 1994 567 2058 in
591 1995 751 2060 theatrum
776 1995 921 2073 venisset,
943 2017 1084 2082 eumque
1106 2017 1202 2059 nemo
1224 1998 1372 2063 eciribur

420 2119 537 2159 sessum
561 2096 726 2183 reciperet,
750 2097 790 2161 ad
815 2096 1130 2162 lacedemoniorum
1154 2098 1279 2184 legatos
1300 2102 1374 2166 t‘orte

419 2200 574 2284 pervenit,
597 2201 653 2287 qui
678 2200 814 2264 hominis
836 2216 973 2275 aetatem,
997 2223 1093 2266 canos
1115 2202 1186 2286 ejus
1209 2217 1242 2267 et
1270 2226 1373 2279 annm,

418 2300 603 2383 assurgendi
625 2302 730 2366 officio
752 2304 895 2368 venerati
917 2316 1004 2381 sunt,
1034 2302 1210 2391 sedemque
1239 2308 1267 2369 ei
1298 2308 1374 2370 inter

419 2403 505 2488 ipsos
526 2400 770 2467 honoratissimo
793 2401 862 2466 loco
884 2402 1055 2469 dederunt.
1100 2405 1196 2483 Quod
1226 2407 1281 2471 ubi
1311 2406 1372 2472 lieri

421 2504 559 2592 populus
569 2505 706 2591 aspexit,
718 2504 858 2570 maximo
870 2507 983 2592 plausu
1000 2507 1111 2572 alienae
1124 2509 1214 2573 urbis
1230 2533 1374 2577 verecun-

418 2606 503 2670 diam
534 2608 763 2693 comprobavit.
810 2608 933 2672 Ferunt
961 2622 1038 2673 tunc
1066 2632 1165 2672 unum
1189 2634 1207 2673 e
1231 2613 1374 2676 Lacedae-

420 2708 533 2773 moniis
554 2709 693 2773 dixisse:
718 2711 807 2794 Ergo
836 2709 1047 2774 Athenienses
1071 2710 1149 2796 quid
1181 2712 1223 2777 sit
1255 2727 1368 2780 rectum

420 2815 536 2888 sciunt,
553 2813 608 2877 sed
624 2812 655 2876 id
672 2813 775 2876 facere
790 2810 968 2896 negligunt.

419 2999 499 3087 Cap.
519 3008 567 3066 10.
592 3004 720 3084 aegon
749 3003 952 3075 convivandi,
978 3024 1088 3082 sensu,
1119 3012 1151 3068 et
1168 3010 1249 3088 sere
1276 3005 1372 3069 nerhir

460 3107 628 3183 lllncrohii,
643 3112 772 3188 sumpto
794 3106 833 3167 de
855 3104 936 3167 libro
957 3106 1254 3172 Satumoliorwn:
1284 3115 1316 3172 et
1336 3110 1372 3170 de

457 3209 698 3272 scommatibus:
722 3216 752 3272 et
766 3210 806 3271 de
819 3209 965 3271 canenda
977 3209 1148 3273 ebrietate:
1175 3217 1207 3273 εἱ
1221 3213 1262 3275 de
1274 3212 1372 3274 obser*

458 3313 573 3373 vnntin
597 3312 858 3374 convivantium:
892 3317 923 3373 et
947 3312 988 3373 de
1014 3313 1050 3375 C.
1077 3313 1219 3376 Claudio
1246 3314 1372 3379 Cesum

455 3411 589 3486 dicente,
611 3411 697 3492 qnod
716 3415 800 3474 sicut
824 3417 935 3472 nanta
960 3415 1126 3493 scopulum
1141 3416 1304 3496 fugiunt,
1329 3416 1373 3476 ric

443 3512 647 3590 fugiendum
662 3519 709 3573 est
722 3511 912 3595 infrequens
926 3519 957 3575 et
971 3516 1114 3576 insolens
1128 3516 1273 3579 verbum.

457 3627 637 3691 V1nnnrun
645 3641 750 3691 antem
762 3629 845 3693 sorte
854 3651 967 3715 parum
978 3630 1094 3706 civilia,
1106 3647 1139 3697 et
1151 3635 1371 3719 superstitiosa

412 3727 515 3802 nimis,
532 3751 604 3812 quae
619 3728 659 3790 de
675 3729 770 3792 sacris
785 3732 931 3815 apicibus
946 3731 1167 3817 proferuntur.
1209 3738 1369 3802 Caeterum

413 3845 447 3893 ut
465 3829 574 3893 mitius
585 3853 717 3914 agamus
733 3832 910 3909 nobiscum,
922 3833 1090 3921 gentilium
1102 3835 1367 3925 philosophorum

410 3930 596 3995 convivandi
613 3933 724 4018 regula
739 3937 770 3999 in
790 3934 931 3999 medium
948 3935 1136 4023 proferatur.
1177 3941 1223 4004 Et
1238 3940 1366 4026 quidem

410 4035 518 4122 plures
536 4037 569 4099 in
585 4036 666 4102 hanc
686 4051 808 4124 partem
824 4037 997 4102 officiorum
1022 4054 1184 4127 praccepta
1199 4042 1367 4120 dederunt,

409 4137 463 4201 sed
480 4137 520 4201 ad
537 4161 676 4224 praesens
696 4138 788 4223 pauci
804 4137 974 4204 sufficiunt.
1013 4138 1102 4205 lnter
1116 4139 1196 4206 alios
1212 4146 1365 4208 Saturna·

407 4238 522 4303 liorum
536 4239 615 4304 liber
630 4240 752 4327 primus
762 4240 912 4320 occurrit,
924 4239 1008 4314 talis,
1021 4242 1047 4306 si
1063 4242 1252 4326 inspiciatur
1269 4256 1363 4317 recte,

406 4354 437 4401 et
460 4350 579 4420 tantus,
601 4354 635 4403 ut
660 4339 737 4404 nihil
759 4339 889 4404 aliunde
912 4357 1058 4427 oporteat
1083 4346 1235 4408 mutuari.
1277 4346 1362 4408 Eum
