3550 5467
404 771 480 815 cur.
498 754 577 832 vm]
769 772 1023 818 eocrcmmcus.
1305 766 1367 822 237

406 943 473 984 non
497 921 602 985 solum
627 921 666 985 de
690 921 764 1007 lupo
787 922 869 985 inter
896 922 977 986 duos
1007 938 1121 1010 pontes
1150 940 1245 1011 capto
1272 940 1365 990 erunt

405 1023 602 1098 testimonio,
627 1022 681 1087 sed
707 1023 800 1087 etiam
828 1045 941 1102 mores,
965 1025 1084 1110 quibus
1115 1038 1192 1090 tunc
1222 1025 1365 1113 plerique

408 1124 576 1201 vivebant,
602 1124 693 1188 facile
718 1125 939 1210 publicabunt.
987 1127 1177 1191 Describens
1201 1129 1284 1192 enim
1309 1128 1367 1191 ho·

408 1225 513 1287 mines
527 1224 690 1310 prodigos,
706 1224 737 1288 in
754 1223 857 1289 lorum
880 1226 919 1289 ad
937 1226 1149 1311 judicandum
1165 1227 1269 1293 ebrios
1284 1251 1367 1292 com-

410 1340 563 1401 meantes,
580 1349 720 1412 quaeque
735 1327 855 1392 soleant
871 1329 1002 1393 interae
1019 1330 1231 1407 sermocinari,
1247 1331 1290 1394 sic
1305 1331 1364 1395 ait:

411 1426 590 1492 “Ludunt
616 1427 684 1491 alea
710 1426 860 1504 studiose,
887 1429 1020 1494 delibuti
1048 1432 1231 1514 ungnentis,
1255 1433 1367 1496 scortis

411 1531 532 1614 stipati.
563 1531 630 1595 Ubi
646 1530 732 1592 horae
748 1529 855 1593 decem
873 1530 1084 1614 sunt,jubent
1102 1555 1235 1616 puerum
1251 1533 1367 1606 vocari,

413 1642 449 1694 ut
465 1631 628 1695 comitium
650 1645 700 1695 eat
725 1646 979 1714 percunctatum,
995 1633 1072 1717 qnid
1094 1634 1126 1697 in
1148 1633 1218 1696 foro
1239 1647 1365 1717 gestum

411 1737 464 1809 sit,
488 1734 543 1818 qui
566 1734 732 1807 suaserint,
756 1734 812 1818 qui
832 1733 1049 1810 dissuaserint,
1072 1748 1152 1820 quot
1176 1735 1280 1799 tribus
1297 1737 1368 1821 jus·

411 1834 615 1920 serintquot
637 1837 787 1900 venerint.
835 1836 917 1900 lude
936 1837 975 1900 ad
993 1837 1157 1901 comitium
1180 1836 1368 1915 vadunt,ne
1451 1890 1457 1897 .

411 1937 500 2002 litem
517 1960 604 2001 suam
621 1938 758 2002 faciunt:
782 1937 859 2001 dum
876 1952 965 2015 eunt,
983 1939 1070 2003 nulla
1085 1953 1131 2003 est
1147 1940 1178 2002 in
1194 1940 1367 2025 angiportu

411 2039 577 2124 amphora,
599 2062 695 2125 quam
723 2063 784 2103 nnn
813 2040 977 2124 impleant,
1004 2043 1125 2127 quippe
1149 2043 1207 2126 qui
1234 2040 1366 2104 vesicam

411 2141 539 2226 plenam
566 2142 632 2207 vini
659 2142 785 2207 habent.
834 2144 973 2207 Veniunt
1002 2144 1034 2207 in
1061 2148 1224 2209 comitium
1252 2144 1368 2223 tristes,

406 2243 524 2330 jubent
540 2243 792 2328 dicerequorum
805 2244 969 2329 negotium
985 2259 1044 2310 est.
1083 2247 1234 2311 Narrant:
1258 2245 1365 2311 Judex

413 2359 510 2409 testes
541 2344 652 2430 poscit,
676 2349 765 2428 ipsus
791 2345 816 2408 it
841 2345 983 2410 mictum.
1040 2347 1106 2413 Ubi
1130 2348 1227 2412 redit:
1263 2349 1307 2412 ait
1335 2371 1367 2411 se

411 2449 518 2512 omnia
547 2447 718 2511 audivisse.
766 2447 911 2510 Tabulas
940 2450 1055 2532 poscit,
1085 2449 1203 2513 litteras
1229 2450 1365 2533 inspicit,

413 2551 466 2614 vix
484 2572 551 2636 prae
565 2551 641 2613 vino
656 2549 790 2613 sustinet
806 2549 983 2634 palpebras}
1022 2552 1123 2615 Eunti
1139 2552 1170 2613 in
1187 2549 1366 2626 concilium,

411 2652 456 2717 ibi
483 2652 552 2715 hac
577 2652 694 2716 oratio:
742 2651 827 2728 Quid
853 2651 931 2714 mihi
961 2651 1081 2734 negotii
1111 2665 1170 2726 est,
1197 2674 1270 2714 cum
1301 2651 1367 2715 istis

410 2754 644 2839 nugatoribus?
675 2752 785 2816 Potius
801 2775 896 2838 quam
913 2765 1058 2837 potemus
1075 2752 1212 2816 mulsum
1229 2753 1364 2815 mixtum

411 2878 485 2921 cum
500 2856 577 2919 vino
593 2856 717 2920 Graeco.
757 2854 892 2919 Edimus
909 2852 1039 2918 turdum
1056 2855 1220 2939 pinguem,
1235 2858 1367 2917 bonum-

413 2981 475 3044 que
490 2957 619 3044 piscem,
635 2957 747 3042 lupum
763 2977 961 3040 germanum,
978 2956 1035 3040 qui
1058 2958 1141 3018 inter
1161 2968 1273 3041 pontes
1293 2978 1366 3039 cap·

412 3060 578 3125 tnsfuit.''
622 3062 703 3122 Haec
719 3059 835 3122 Titius.
883 3058 945 3122 Sed
962 3072 993 3121 et
1010 3057 1134 3122 Plinius
1153 3060 1202 3121 sui
1218 3057 1368 3142 temporis

412 3162 575 3248 eleganter
586 3162 693 3245 tetigit
705 3161 825 3245 gulam.
853 3162 959 3236 Quum
973 3162 1056 3222 enim
1071 3159 1222 3222 scriberet
1232 3158 1272 3220 de
1284 3158 1368 3243 pisce

411 3265 603 3351 acipensere,
619 3265 674 3349 qui
690 3263 762 3327 licet
775 3285 866 3326 rarus
880 3271 972 3340 esset,
984 3261 1121 3346 pretium
1138 3261 1208 3346 ejus
1223 3259 1368 3339 viluerat,

412 3379 484 3450 post
507 3365 670 3451 praemissa
693 3365 841 3448 subjecit:
881 3361 981 3425 Nullo
1007 3366 1038 3425 in
1063 3362 1181 3425 honore
1205 3383 1288 3425 nunc
1310 3373 1369 3439 est,

413 3467 503 3553 quod
516 3466 664 3552 equidem
677 3466 784 3541 miror,
794 3487 896 3551 quum
910 3465 948 3528 sit
961 3487 1049 3527 rarus
1058 3464 1198 3527 inventu.
1231 3462 1292 3526 Sed
1305 3483 1366 3524 non

414 3566 472 3631 diu
489 3567 577 3632 stetit
600 3567 668 3632 baec
687 3566 887 3653 parsimonia.
935 3566 1019 3628 Nam
1040 3564 1237 3650 temporibus
1259 3563 1368 3628 Severi

413 3669 579 3755 principis,
597 3667 815 3732 Sammonicus
833 3668 970 3731 Serenus
986 3670 1034 3732 vir
1049 3667 1155 3731 seculo
1168 3689 1225 3730 suo
1240 3665 1367 3741 doctus,

413 3771 586 3856 subjiciens
597 3771 692 3835 verba
704 3770 838 3847 Plinii,“
851 3771 923 3833 Non
935 3782 983 3833 est
998 3769 1150 3833 dubium”
1160 3768 1204 3833 ait
1217 3768 1367 3852 “piscem

413 3872 502 3937 hunc
524 3873 614 3937 nullo
638 3873 671 3936 in
693 3872 811 3936 bonore
837 3871 966 3956 Trajani
992 3870 1188 3956 temporibus
1208 3869 1365 3933 extitisse:

413 3997 525 4039 verum
541 3976 634 4039 abeo
650 3974 713 4038 dici
728 3973 814 4060 apud
828 3973 1084 4058 antiquossuisse
1099 3972 1130 4035 in
1143 3971 1256 4057 pretio.
1295 3971 1368 4052 Ego

413 4092 521 4142 autem
538 4077 726 4142 testimoniis
740 4076 844 4161 palam
861 4075 954 4150 facin,
969 4074 1017 4137 vel
1034 4098 1072 4137 eo
1088 4074 1188 4156 magis
1201 4070 1287 4156 quod
1297 4090 1369 4151 gra-

416 4181 492 4243 tiam
516 4180 588 4264 ejus
604 4176 696 4240 video
711 4176 751 4240 ad
774 4176 885 4262 epulas
906 4177 996 4260 quasi
1019 4173 1212 4260 postliminio
1232 4168 1369 4232 rediisse.

415 4265 1370 4367 Quippequiindignationevestra,qnumintersimcouvivio

416 4405 514 4457 sacro,
527 4379 779 4445 animadvertam
790 4378 875 4441 hunc
888 4379 1006 4463 piscem
1022 4373 1208 4439 acoronatis
1220 4366 1370 4432 ministris
