3550 5467
413 728 471 787 lat
666 737 802 785 sonuum
816 736 1096 783 annotaturum
1203 715 1287 795 [uu.
1300 737 1354 784 vn.

408 893 487 957 alios
501 912 665 973 superenne
687 890 892 972 temporibus.
928 889 1033 952 Vitam
1053 889 1199 971 quietam
1213 909 1355 955 meara-

407 994 486 1057 riam
508 1012 591 1065 core,
616 992 665 1053 vol
691 991 829 1055 Ethicua
857 989 966 1064 docet,
989 990 1046 1071 qui
1075 985 1239 1053 studentis
1267 989 1354 1055 inane

407 1089 594 1155 exercitium
612 1098 750 1172 reputat,
764 1089 793 1151 oi
812 1087 853 1152 ad
870 1087 989 1151 ortium
1007 1086 1079 1170 ejus
1096 1086 1310 1169 prementium
1323 1109 1355 1151 aa

409 1191 596 1255 tumultuum
613 1190 706 1253 turba
719 1189 835 1271 pulsat.
865 1186 920 1251 Ait
933 1186 1038 1250 enim:

512 1340 1165 1411 Qnirlocnaingenio‚niaiquumaeommineaolo

511 1429 630 1494 Vexent,
642 1434 670 1481 et
680 1429 791 1480 dominia
802 1426 920 1496 Cyn-rhu,
933 1426 1065 1494 quue
1074 1425 1195 1478 teruntur

512 1511 623 1565 Pectora
633 1519 731 1575 noetra,
742 1511 809 1563 dnn
819 1528 871 1563 non
882 1511 1047 1565 mutuam
1058 1511 1153 1563 curu?

513 1597 620 1665 Magnae
630 1597 725 1649 mantio
735 1613 808 1668 opm,
819 1613 867 1648 neo
878 1595 912 1647 de
922 1593 1006 1647 ludica
1016 1595 1141 1665 paranda,

513 1683 650 1747 Attonitra
661 1697 749 1736 curru·
757 1687 784 1734 et
795 1697 882 1750 equor,
894 1679 1025 1749 noeque
1036 1679 1144 1734 deornm

512 1768 666 1841 Adspiceret,
678 1775 705 1820 et
715 1766 798 1837 qualia
813 1765 933 1819 Rutilum
944 1764 1084 1818 confundat
1096 1767 1219 1839 Erinnya

410 1899 493 1963 Nam
520 1895 606 1981 quod
635 1896 729 1958 turba
757 1893 897 1958 veritatis
925 1895 1032 1956 lumen
1062 1893 1231 1977 impediat,
1258 1916 1358 1960 cmout

408 1997 626 2077 Evangelicus
648 1995 754 2068 docet,
777 2015 871 2077 quem
895 1994 996 2057 turbm
1019 1993 1239 2076 procedentes
1260 2006 1293 2058 et
1313 2016 1358 2061 re

408 2107 543 2182 quantoe
567 2096 779 2178 increpabant
803 2094 931 2177 pariter,
957 2106 994 2158 ut
1017 2105 1147 2161 taceret
1192 2095 1356 2180 Siquidem

409 2197 537 2261 dicente
553 2196 706 2267 Domino,
721 2196 778 2277 qui
792 2204 937 2259 versatur
952 2194 985 2256 in
1002 2195 1114 2272 turbio,
1128 2198 1275 2261 rurbaan
1287 2216 1358 2279 erge

320 2303 322 2309 ’
408 2296 553 2381 plurima,
576 2315 640 2376 quo
663 2294 745 2355 nihil
767 2293 883 2356 studiis
905 2306 961 2358 aut
980 2295 1076 2361 bonis
1102 2295 1245 2363 moribus
1271 2318 1358 2362 exer·

409 2396 522 2462 condia
536 2407 585 2459 eat
596 2394 818 2478 perniciosius.
848 2395 883 2461 Si
900 2397 987 2461 enim
999 2396 1151 2472 studium,
1164 2408 1200 2462 ut
1211 2397 1359 2463 Ciceroni

408 2500 524 2582 placet,
548 2510 598 2560 cst
627 2495 796 2560 vehemens
825 2496 1001 2580 applicatio
1029 2498 1138 2572 animi,
1167 2497 1210 2563 ad
1239 2497 1360 2584 aliquid

408 2599 568 2683 agendum
584 2619 700 2680 magna
720 2619 793 2661 cum
809 2599 970 2662 voluntate
980 2621 990 2675 ;
1016 2601 1160 2682 prolecto
1179 2622 1272 2666 mona
1291 2622 1362 2685 quc

409 2704 533 2768 turbata
552 2700 594 2765 ad
612 2701 705 2784 plura
724 2698 922 2778 distrahitur,
936 2703 1194 2785 nequaquam'in
1218 2724 1283 2769 uno
1303 2704 1360 2767 rir-

409 2804 487 2868 tutia
502 2824 611 2886 opere,
626 2802 763 2867 fideliter
776 2811 960 2884 occupatur.
987 2801 1051 2866 Sed
1068 2801 1168 2867 studii
1178 2814 1256 2868 tunc
1272 2825 1360 2869 exer·

408 2906 518 2972 citatio
533 2905 703 2988 plurimum
718 2903 855 2987 proficit,
865 2922 964 2984 quum
974 2903 1072 2966 virtus
1086 2904 1119 2966 in
1131 2904 1359 2989 cinguliaqom

407 3007 486 3088 legit
500 3017 555 3069 aut
570 3004 659 3069 audit
675 3006 783 3081 homo,
797 3003 895 3067 tacito
909 3001 998 3086 apud
1012 3025 1046 3068 ae
1062 3005 1127 3069 veri
1136 3005 1258 3090 judicii
1273 3027 1358 3073 oom-

408 3106 487 3175 tinio
502 3106 706 3173 convalescit
739 3105 791 3168 lbi
807 3124 944 3188 namque
958 3104 1039 3171 ratio
1053 3117 1172 3170 cuncta
1186 3107 1360 3184 examinat,

407 3219 440 3274 et
453 3204 590 3273 fructum
603 3207 744 3271 omnium
756 3203 909 3289 appendit
920 3205 954 3266 in
970 3216 1096 3271 statera.
1122 3205 1285 3275 eaerum
1297 3209 1359 3273 vitu

398 3307 518 3389 'quieta
538 3327 609 3371 ease
629 3327 692 3373 non
715 3317 831 3389 potest,
845 3304 872 3366 ai
894 3314 1016 3369 natura
1034 3306 1214 3371 necessaria
1235 3309 1358 3373 subtra-

407 3406 544 3480 huntu13
576 3415 609 3466 et
633 3425 650 3465 e
673 3414 784 3469 contra
806 3405 833 3467 ai
854 3404 995 3469 luxuriat
1020 3403 1146 3469 animus
1167 3405 1202 3468 in
1228 3405 1360 3482 deliciir,

407 3526 509 3569 rerum
538 3503 701 3572 affluentia
725 3506 835 3569 lumen
864 3505 1018 3570 orationis
1047 3506 1217 3587 extinguit.
1263 3507 1358 3576 Unde

407 3604 558 3671 iracunda
569 3605 703 3671 virorum
714 3617 896 3689 paupertas,
907 3619 939 3670 et
951 3627 1032 3670 verm
1043 3607 1233 3676 humititatis
1242 3621 1361 3683 emtor,

406 3717 438 3769 et
463 3705 552 3770 socia
576 3705 711 3782 virtutis,
735 3707 908 3789 praemissis
934 3706 1115 3785 adhibetur,
1140 3719 1177 3773 ut
1200 3711 1358 3779 luxuriam

406 3802 598 3867 moderatrix
613 3804 673 3867 iata
688 3796 885 3888 compescat,
901 3816 934 3869 et
953 3807 1090 3871 stimulis
1110 3810 1177 3873 auia
1198 3810 1358 3877 hominem

405 3903 455 3969 uui
466 3923 649 3977 memorem,
661 3903 768 3967 officio
780 3903 905 3967 virtutis
913 3902 1035 3988 jugiter
1045 3906 1163 3972 instato
1176 3912 1360 3993 compellat.

408 4007 555 4071 Honesta
565 4004 694 4089 quidem
706 4025 756 4067 ree
767 4016 825 4082 est,
836 4017 871 4069 ut
885 4005 932 4069 ait
943 4007 1082 4089 sapione,
1093 4010 1167 4074 laeta
1180 4023 1360 4094 pauperat,

407 4127 466 4172 neo
490 4116 597 4171 umen
618 4117 668 4170 cst
689 4116 871 4187 paupertas,
891 4106 918 4169 ai
940 4106 1024 4182 laam,
1038 4106 1095 4171 aed
1119 4108 1226 4176 Croeai
1244 4106 1359 4177 divitiis

405 4207 519 4286 potior.
544 4202 969 4287 UndeDemocritus,quum
981 4203 1099 4269 divitiis
1111 4210 1234 4272 censeri
1244 4220 1360 4292 posset,

405 4327 477 4387 quae
501 4316 595 4369 tante
620 4305 756 4374 fuerunt,
780 4315 814 4365 ut
839 4312 931 4386 pater
954 4305 1023 4387 cjur
1050 4309 1207 4372 exercitui
1236 4309 1358 4376 Xarxir
