3550 5467
549 766 591 825 86
808 775 946 821 Joauurs
961 771 1238 821 ammanursnsrs
1340 753 1427 832 [tra.
1442 769 1498 814 vu.

549 932 704 1016 juriarum
727 930 880 993 memoria
902 929 1025 992 camelo
1047 929 1202 990 tenaciter
1223 924 1352 998 residet,
1372 932 1406 985 et
1425 922 1504 984 Rhi-

552 1053 697 1107 noceros,
712 1032 767 1114 qui
782 1039 816 1093 et
829 1030 994 1093 unicornis
1009 1041 1068 1102 est,
1079 1026 1210 1107 virginis
1225 1025 1441 1104 iutegritatem
1457 1023 1503 1086 sic

553 1132 709 1213 agnoscit,
718 1142 753 1193 ut
764 1131 933 1193 dumtaxat
945 1130 1032 1194 illius
1047 1129 1110 1191 sere
1127 1125 1333 1208 amplexibus
1348 1124 1504 1206 capiatur.

553 1233 692 1298 Odorem
703 1232 869 1296 Pantherae
880 1242 996 1296 caetera
1006 1241 1180 1314 sequuntur
1190 1227 1356 1304 animalia3
1372 1236 1406 1289 et
1415 1223 1502 1309 quod

552 1334 729 1398 mirabilius
743 1342 803 1410 est,
823 1335 930 1417 pisces
952 1334 986 1396 in
1008 1332 1185 1414 gurgitibus
1207 1328 1250 1393 ad
1271 1330 1415 1413 speciem
1437 1327 1504 1391 auri

553 1436 764 1500 conveniunt:
798 1434 885 1497 unde
914 1444 947 1498 et
976 1433 1135 1497 sarientis
1162 1432 1299 1494 luxuriae
1329 1432 1505 1514 Imperator

553 1539 652 1615 Nero,
679 1538 793 1614 aureis,
819 1547 853 1599 ut
878 1534 1007 1612 dicitnr,
1032 1535 1153 1597 retibus
1178 1532 1372 1616 piscabatur.
1417 1528 1503 1603 Quid

555 1637 677 1703 multa?

657 1743 747 1797 Torva
757 1743 841 1796 leoena
852 1743 943 1812 lupum
955 1742 1081 1810 seqnitur,
1092 1739 1168 1811 lupus
1178 1740 1234 1811 ipse
1246 1738 1381 1810 capellam,

661 1827 811 1881 Florentem
822 1827 934 1895 cytisum
946 1826 1062 1894 sequitur
1072 1823 1169 1877 lasciva
1180 1823 1289 1895 capella

554 1943 599 2005 Et
612 1943 646 2003 in
662 1943 749 2005 hunc
764 1941 895 2004 modum
912 1940 1073 2022 voluptate
1089 1959 1148 2001 sua
1163 1939 1329 2002 trabuntur
1348 1939 1502 2025 plurima:

554 2043 641 2127 quod
652 2043 698 2118 (ut
708 2041 817 2119 credo)
830 2042 955 2104 evenire
966 2062 1030 2104 non
1041 2052 1162 2123 posset,
1171 2042 1198 2104 si
1208 2041 1249 2105 de
1259 2042 1428 2105 affectibus
1438 2041 1503 2104 suis

553 2145 601 2205 vel
622 2144 715 2204 bruta
729 2142 879 2204 animalia
899 2142 1087 2204 dubitarent.
1134 2142 1198 2213 Qui
1220 2161 1296 2222 ergo
1315 2139 1357 2205 ad
1377 2141 1503 2222 singula

553 2244 654 2307 nescii
676 2254 761 2319 sunt,
780 2265 844 2326 qua
863 2244 1039 2306 temeritate
1060 2246 1108 2306 vel
1128 2244 1340 2325 impudentia,
1359 2243 1502 2323 philoso-

554 2344 675 2428 phandi
685 2344 914 2427 professionem
925 2343 1099 2428 arripiunt?
1120 2346 1204 2408 Nam
1214 2346 1299 2408 sicut
1307 2345 1348 2408 ab
1359 2341 1503 2427 eo,quod

553 2458 663 2509 notum
679 2458 738 2520 est,
753 2447 852 2524 noti0,
867 2447 915 2509 sic
938 2459 971 2511 et
994 2448 1072 2510 ratio
1092 2447 1134 2510 ab
1155 2469 1203 2525 eo,
1220 2448 1308 2532 quod
1323 2458 1429 2510 ratum
1444 2454 1502 2521 est,

552 2548 586 2612 id
608 2563 658 2612 est
679 2560 798 2612 certum
825 2561 857 2611 et
883 2549 1018 2626 firmum,
1041 2550 1246 2630 grammatice
1269 2549 1501 2613 denominatur.

553 2651 598 2713 Et
619 2651 763 2731 prolecto
785 2650 890 2712 inanis
912 2660 963 2713 est
982 2650 1063 2712 ratio
1085 2650 1236 2726 bominis,
1256 2651 1309 2714 cni
1330 2651 1411 2713 nihil
1434 2670 1503 2732 per·

553 2751 680 2814 suaderi
711 2762 828 2833 potest,
858 2752 935 2835 quin
973 2772 1099 2834 semper
1129 2763 1161 2813 et
1189 2753 1223 2814 iu
1253 2753 1404 2816 omnibus
1432 2751 1501 2837 opi·

552 2855 682 2916 niouum
707 2854 828 2916 lubrico
845 2855 982 2917 vacillet.
1027 2853 1115 2924 Quid
1137 2855 1223 2916 enim
1245 2855 1275 2916 ei
1297 2854 1503 2938 philosophia

553 2956 685 3031 confert,
706 2956 761 3038 qui
784 2976 910 3038 semper
931 2957 1064 3018 fluctuat
1085 2957 1312 3038 opinionibus;
1334 2971 1367 3020 et
1388 2958 1454 3035 cui,
1468 2957 1500 3018 in

551 3056 750 3119 ostendenda
773 3057 936 3120 felicitatis
958 3057 1020 3135 via,
1043 3059 1175 3120 rationis
1200 3059 1308 3120 lumen
1330 3058 1502 3139 extinguit,

552 3172 583 3221 et
605 3159 698 3242 quasi
721 3161 847 3222 oculum
871 3160 963 3233 eruit,
985 3169 1021 3221 ut
1044 3159 1168 3221 cautius
1192 3170 1224 3222 et
1249 3159 1368 3222 rectius
1389 3170 1501 3243 pergat

552 3260 661 3336 viator,
678 3260 730 3322 cui
745 3271 912 3321 ostensura
927 3271 977 3321 est
992 3258 1097 3321 riam?
1138 3261 1255 3323 Nonne
1275 3273 1308 3321 et
1327 3262 1499 3344 plurimum

552 3362 644 3421 obest
658 3360 705 3420 illi
721 3361 776 3442 qui
792 3359 995 3423 excecatur?
1035 3361 1123 3433 Quid
1142 3361 1248 3444 potius
1270 3375 1431 3446 sequetur,
1445 3365 1500 3447 qui

550 3474 637 3522 tanta
667 3461 888 3523 contrarietate
920 3461 1128 3549 distrahiturl
1171 3464 1255 3527 Sane
1285 3463 1327 3527 ad
1363 3468 1498 3548 patriam

550 3581 644 3621 nemo
666 3561 818 3641 pervenit,
833 3563 894 3624 nisi
918 3564 973 3646 qui
996 3585 1090 3626 uuam
1114 3566 1258 3649 sequitur
1273 3566 1376 3644 viam;
1400 3570 1501 3653 etqui

550 3661 636 3722 omni
647 3662 743 3723 verbo
754 3682 862 3724 aurem
874 3665 1109 3742 accommodat,
1118 3687 1281 3750 nunquam
1295 3669 1422 3751 quietus
1433 3670 1501 3733 erit.

552 3762 669 3824 Nonne
701 3760 834 3823 similior
862 3776 911 3827 est
940 3762 1127 3845 lethargico,
1154 3779 1210 3830 aut
1237 3768 1412 3852 insipienti,
1436 3771 1502 3833 sive

549 3859 675 3937 insano,
697 3884 793 3945 quam
816 3863 1027 3947 Philosopbo,
1046 3867 1101 3949 qui
1128 3889 1228 3951 quum
1251 3872 1369 3934 somnii
1393 3877 1500 3939 memi-

550 3963 642 4038 nerit,
662 3985 703 4026 an
726 3963 887 4027 dormierit
909 3965 1044 4043 dubitat,
1063 3983 1097 4032 et
1115 3991 1188 4032 cum
1205 3973 1280 4034 cibo
1296 3975 1429 4038 satiatus
1443 3988 1502 4055 est,

551 4087 590 4129 an
611 4065 741 4149 jejunus
763 4066 815 4138 sit,
831 4068 946 4144 nescit,
961 4079 994 4130 ot
1014 4069 1135 4132 nullius
1157 4093 1266 4134 corum
1283 4095 1356 4155 quac
1371 4079 1437 4157 egit
1452 4080 1501 4142 rel

550 4170 583 4230 iu
606 4167 763 4249 proximo,
786 4166 954 4229 scientiam
977 4167 1097 4231 habet?
1138 4173 1276 4247 Deinde,
1297 4196 1436 4257 quanam
1456 4181 1503 4241 vir

548 4272 580 4330 iu
614 4268 828 4349 Plrilosoplrirn
865 4269 1113 4348 investigatione
1154 4275 1309 4355 proficiet,
1340 4280 1392 4340 cui
1423 4282 1503 4344 ratio

548 4370 629 4431 nihil
650 4366 851 4449 persuadeat,
866 4370 952 4452 quod
977 4378 1095 4451 teneat,
1118 4391 1172 4438 aut
1195 4394 1359 4461 sequatur,
1375 4385 1432 4446 sed
1456 4393 1504 4447 est
