3550 5467
404 760 474 804 cur.
491 739 586 818 x1u.]
787 752 1041 798 eorucnsncus.
1301 742 1363 799 ‘285

405 909 565 972 videatur.
612 910 695 972 Sunt
713 920 815 970 tamen
832 907 889 991 qui
906 929 980 969 eum
995 920 1195 968 contemnere
1210 905 1361 986 audeaut,

406 1007 601 1084 Quintiliani
622 1006 811 1071 auctoritate
834 1006 918 1082 freti,
936 1029 1028 1069 suum
1045 1029 1083 1068 ex
1100 1030 1137 1068 eo
1157 1006 1362 1070 nobilitantes

401 1113 576 1200 judicium,
592 1112 618 1174 si
630 1114 658 1174 ei
674 1109 857 1183 detrahant,
873 1112 928 1194 qui
940 1107 1084 1194 plurimis
1096 1108 1211 1194 placet,
1226 1121 1260 1172 ut
1274 1108 1361 1194 apud

406 1216 555 1279 indoctos
569 1236 678 1277 eorunr
691 1211 823 1296 gloriam
842 1212 1011 1274 videantur
1022 1211 1211 1296 praecedere,
1224 1233 1361 1295 quorum

407 1318 561 1381 virtutem
593 1327 757 1400 nequeunt
788 1313 915 1376 imitari.
971 1311 1055 1374 Mihi
1086 1328 1189 1375 tamen
1221 1313 1364 1399 desipere

408 1418 572 1493 videntur,
603 1417 660 1501 qui
685 1437 907 1501 quemcunque
938 1415 1049 1486 secuti,
1080 1437 1140 1476 non
1173 1432 1363 1480 venerantur

407 1544 494 1594 eum,
509 1542 605 1605 quem
620 1533 653 1583 et
677 1517 826 1603 Apostoli
849 1515 1093 1579 familiaritatem
1117 1518 1268 1582 meruisse
1290 1543 1363 1583 cou-

407 1634 483 1700 stat,
504 1633 536 1683 et
553 1642 571 1682 a
586 1619 769 1682 doctissimo
793 1631 883 1701 patre
910 1617 1107 1701 llierouymo
1129 1619 1160 1679 in
1185 1634 1364 1684 sanctorum

407 1722 556 1807 catalogo
571 1721 719 1806 positum.
764 1720 812 1782 Ut
829 1732 932 1781 tamen
949 1731 981 1781 ct
1002 1719 1042 1780 de
1057 1719 1244 1795 Quintiliani
1266 1723 1365 1805 possis

403 1824 550 1911 judicare
568 1822 703 1910 judicio,
728 1820 826 1884 verba
848 1820 958 1904 ipsius,
973 1842 1046 1905 quae
1069 1821 1275 1906 scriptoribus
1289 1847 1365 1887 enu-

408 1925 548 1999 meratis,
572 1926 602 1987 in
627 1923 860 2008 sugillationem
886 1924 1011 1985 Senecae
1041 1924 1158 2008 posuit,
1182 1924 1248 1987 baec
1271 1940 1365 1990 sunt:

410 2029 465 2091 Ex
491 2026 651 2091 industria
674 2030 825 2091 Senecam
856 2024 888 2086 in
916 2026 1000 2087 omni
1030 2048 1145 2108 genere
1175 2026 1364 2113 eloquentiae

410 2141 572 2194 versatum
596 2128 717 2203 distuli,
745 2140 876 2213 propter
892 2128 1054 2209 vulgatam
1077 2128 1157 2192 salso
1172 2130 1212 2193 de
1228 2154 1277 2195 me
1298 2136 1367 2216 opi-

411 2234 550 2308 nionem,
565 2254 630 2316 qua
642 2231 793 2294 damnare
809 2252 879 2293 eum
897 2242 928 2291 et
940 2228 1074 2292 invisum
1091 2252 1222 2317 quoque
1238 2233 1366 2315 habere,

410 2334 553 2398 creditus
568 2356 649 2397 sum.
696 2330 790 2408 Quod
807 2329 922 2394 accidit
934 2331 1010 2393 mibi
1026 2330 1102 2393 dum
1120 2348 1317 2420 corruptum,
1334 2320 1368 2401 et

410 2436 562 2500 omnibus
591 2434 677 2498 vitiis
699 2434 836 2495 fractum
860 2431 985 2495 dicendi
1014 2454 1127 2516 genus,
1155 2456 1303 2501 revocare
1324 2439 1366 2502 ad

412 2538 570 2601 severiora
580 2535 703 2618 judicia
715 2533 883 2607 contendo,
898 2555 996 2617 quum
1010 2534 1077 2617 jam
1095 2533 1180 2597 solus
1193 2536 1242 2599 bic
1255 2538 1321 2600 fere
1332 2542 1364 2603 in

411 2638 558 2702 manibus
587 2636 822 2700 adolescentum
854 2634 961 2697 luerit.
1007 2635 1108 2708 Quem
1133 2657 1193 2699 non
1217 2637 1365 2722 equidem

411 2739 551 2804 conabar
565 2739 693 2802 omniuo
708 2750 868 2809 excutere,
885 2735 938 2797 sed
952 2734 1130 2818 potioribus
1146 2738 1288 2821 praeferri
1305 2762 1365 2804 non

413 2835 1366 2923 sinebam,quosillenondestiterntincessere,quumdiversi

412 2941 474 3005 sibi
497 2939 640 3003 conscius
661 2939 796 3023 generis,
820 2937 944 3022 placere
959 2960 991 3000 se
1014 2937 1196 3002 indicendo
1216 2943 1367 3027 posse,in

414 3042 535 3128 quibus
544 3041 590 3104 illi
602 3041 773 3126 placerent,
786 3038 955 3103 diffideret.
993 3039 1156 3103 Amabant
1171 3064 1244 3105 eum
1256 3044 1367 3129 magis,

415 3166 513 3230 quam
543 3144 763 3221 imitabantur,
794 3156 986 3226 tantumque
1016 3142 1057 3205 ab
1087 3142 1142 3205 illo
1172 3143 1366 3223 defluebant,

411 3257 572 3331 quantum
595 3242 648 3308 ille
670 3245 711 3308 ab
734 3243 874 3330 antiquis
903 3242 1119 3307 descenderat.
1164 3246 1260 3310 Foret
1283 3250 1365 3312 enirn

415 3346 603 3433 optandum,
627 3369 777 3428 paresne
800 3344 911 3409 saltem
942 3345 1103 3430 proximos
1126 3346 1171 3411 illi
1198 3349 1267 3412 viro
1289 3352 1368 3416 lieri.

418 3450 480 3514 Sed
504 3450 651 3537 placebat
675 3463 805 3536 propter
821 3447 887 3513 sola
911 3448 998 3524 vitia,
1014 3463 1045 3513 et
1068 3448 1108 3512 ad
1124 3473 1161 3512 ea
1183 3454 1367 3540 aequisque

416 3554 575 3638 dirigebat
597 3551 785 3636 effingenda,
802 3574 876 3635 quae
901 3565 1033 3635 poterat.
1079 3551 1204 3616 Deinde
1220 3578 1318 3640 quum
1336 3582 1368 3623 se

412 3654 551 3738 jactaret
581 3652 690 3715 eodem
722 3653 817 3714 modo
853 3651 969 3729 dicere,
1006 3655 1154 3716 Senecam
1184 3654 1367 3726 infamabat.

417 3757 523 3842 Cujus
537 3768 568 3818 et
585 3753 695 3817 multae
711 3753 862 3838 alioquin,
879 3766 911 3818 et
930 3776 1053 3838 maguae
1074 3755 1207 3820 virtutes
1227 3761 1368 3838 suerunt,

415 3858 579 3942 ingenium
597 3852 686 3918 facile
701 3867 731 3917 et
747 3853 923 3940 copiosum,
945 3855 1118 3940 plurimum
1140 3858 1251 3935 studii,
1268 3863 1370 3927 multa

416 3981 523 4022 rerum
539 3957 686 4041 cognitio,
697 3961 728 4021 in
745 3980 810 4043 qua
825 3970 929 4021 tamen
947 3958 1118 4043 aliquando
1133 3961 1173 4022 ab
1185 3962 1234 4038 iis,
1250 3965 1281 4025 in
1298 3966 1369 4049 qui-

417 4059 823 4146 businquirendaquaedam
836 4061 1017 4137 mandabat,
1028 4061 1181 4146 deceptus
1195 4078 1253 4127 est.
1267 4066 1299 4124 T
1301 4088 1370 4130 rac·

418 4164 498 4227 tavit
514 4163 609 4227 etiam
624 4184 748 4224 omnem
765 4163 985 4249 sereuomnium
1004 4162 1181 4226 studiorum
1198 4166 1371 4230 materiam.

421 4267 503 4327 Nam
530 4277 563 4327 et
588 4263 745 4326 orationes
768 4265 849 4347 ejus,
874 4275 905 4324 et
929 4275 1085 4344 poemata,
1111 4277 1142 4325 et
1163 4262 1316 4343 epistolae,
1339 4283 1372 4333 et

418 4365 539 4450 dialogi
570 4365 727 4428 seruntur.
781 4368 818 4428 ln
849 4362 1051 4447 philosophia
1081 4384 1193 4446 parum
1225 4362 1372 4450 diligens,
