3550 5467
334 788 403 832 mr.
420 770 517 848 κη]
621 810 630 822 -
712 787 965 833 eourcnnrrcns.
1250 784 1290 840 67

331 950 362 1002 et
376 938 552 1002 consilium
567 938 672 1002 debet
708 938 805 1002 Unde
820 950 974 1022 quantum
990 944 1131 1007 omnium
1145 946 1286 1009 Domino

330 1039 497 1114 debeatur,
514 1042 582 1103 sole
607 1042 723 1105 clarius
746 1043 844 1116 lucet,
867 1043 896 1104 si
920 1052 1043 1106 tantum
1066 1045 1203 1110 debetur
1223 1048 1285 1126 his,

330 1142 450 1226 quibus
464 1143 537 1205 sola
551 1141 703 1206 fidelitate
718 1155 863 1206 tenemur
882 1144 1016 1208 astricti.
1062 1146 1125 1210 Sed
1141 1159 1173 1210 et
1187 1169 1285 1230 prena

329 1242 427 1327 hujus
451 1244 596 1307 criminis
620 1257 668 1308 est
689 1254 789 1320 tanta,
814 1256 851 1308 ut
875 1266 939 1308 non
967 1248 1060 1310 facile
1086 1248 1285 1328 crediderim,

330 1366 391 1409 nec
405 1366 427 1409 u
440 1345 582 1409 dominis
594 1346 782 1424 insularum,
797 1348 852 1430 qui
874 1348 1070 1431 frequentius
1086 1351 1283 1433 tyrannidem

329 1447 480 1526 induunt,
494 1447 637 1512 severius
655 1449 822 1531 quippiam
843 1451 1019 1531 excogitari
1034 1472 1139 1533 posse.
1183 1455 1229 1516 Et
1244 1476 1283 1516 ue

329 1569 350 1611 s
377 1558 585 1631 tyrannorum
615 1549 738 1612 saeritia
767 1571 872 1632 poenae
908 1552 1059 1614 severitas
1089 1555 1283 1637 processisse

326 1649 487 1725 credatur,
515 1650 618 1733 ipsius
646 1650 871 1715 modestissimi
905 1652 962 1714 viri
991 1655 1087 1716 verbs
1113 1676 1170 1737 pro
1195 1667 1283 1738 pane

326 1753 503 1834 posuimus.
548 1753 603 1817 Ait
630 1773 722 1835 ergo:
754 1753 908 1837 Quisquis
937 1775 1011 1817 cum
1039 1755 1205 1835 militibus,
1234 1758 1285 1820 rel

327 1873 402 1916 cum
432 1855 576 1936 privetis,
602 1856 654 1917 rel
683 1855 825 1918 barbaris
854 1855 948 1918 etism
980 1857 1148 1920 scelestam
1179 1858 1284 1922 inierit

326 1953 513 2031 factionem,
532 1968 587 2019 sut
610 1957 756 2020 factionis
782 1956 883 2039 ipsius
905 1959 1083 2041 susceperit
1104 1980 1284 2024 sacramen·

328 2065 409 2132 tum,
424 2059 473 2120 rel
488 2055 622 2134 dederit,
637 2069 670 2121 et
685 2057 725 2120 de
741 2079 821 2122 nece
837 2060 931 2121 etiarn
947 2059 1084 2123 virorum
1100 2062 1283 2138 illustrium,

326 2157 384 2240 qui
408 2159 551 2222 consiliis
572 2170 606 2222 et
627 2160 817 2223 consistorio
838 2173 947 2223 nostro
968 2161 1134 2241 intersunt,
1149 2164 1281 2227 Senato-

325 2278 397 2321 rum
411 2258 521 2337 etiam,
536 2281 611 2323 nem
625 2271 659 2324 et
673 2262 734 2345 ipsi
757 2282 831 2345 pars
851 2263 993 2346 corporis
1014 2262 1112 2327 nostri
1132 2276 1215 2343 eunt,
1232 2266 1280 2331 rel

324 2359 501 2445 cujuslibet
528 2375 693 2445 postremo
722 2363 779 2447 qui
808 2363 903 2426 nobis
938 2364 1064 2437 militat,
1094 2367 1282 2448 cogitaverit

325 2460 454 2536 (eadem
484 2461 568 2524 enim
607 2463 772 2525 severitate
809 2464 1006 2526 voluntatem
1043 2467 1181 2544 sceleris,
1218 2489 1281 2550 que

323 2564 475 2627 effectum
490 2565 598 2646 puniri
607 2565 683 2649 jura
694 2567 869 2646 voluerunt)
883 2567 953 2650 ipse
970 2565 1101 2647 quidem
1117 2578 1152 2629 ut
1166 2567 1278 2650 majes—
1388 2595 1392 2604 ’

323 2665 399 2727 tatis
421 2685 495 2727 reus
521 2664 629 2746 gladio
655 2663 790 2743 feriatur,
812 2666 963 2729 omnibus
986 2667 1080 2727 bonis
1106 2667 1176 2749 ejus
1199 2666 1280 2730 fisco

324 2773 436 2828 nostro
451 2764 598 2828 addictis.
645 2767 717 2828 Filii
740 2789 813 2830 vero
829 2767 910 2850 ejus,
926 2766 1043 2848 quibus
1066 2766 1163 2828 vitam
1178 2767 1277 2850 impe-

323 2866 441 2929 ratorie
455 2867 638 2950 specialiter
653 2867 784 2931 lenitate
799 2868 1009 2932 concedimus
1033 2866 1177 2951 (paterno
1192 2868 1279 2932 enim

323 2964 446 3028 debent
469 2964 572 3047 perire
598 2962 769 3048 supplicio,
791 2966 823 3028 in
848 2965 966 3049 quibus
988 2965 1122 3048 patemi‚
1146 2965 1208 3029 hoc
1231 2977 1281 3030 est

321 3063 507 3129 hereditarii
530 3066 671 3129 criminis
696 3070 845 3150 exempla
871 3070 1064 3146 metuuntur)
1091 3089 1111 3130 a
1137 3077 1280 3129 materna

323 3168 373 3231 rel
396 3166 491 3243 avita,
507 3168 649 3231 omnium
671 3169 769 3232 etiam
793 3168 1011 3251 proximorum
1035 3166 1220 3230 haereditate
1241 3189 1278 3231 ac

322 3268 527 3331 successione
552 3266 729 3331 habeantur
754 3267 862 3344 alieni,
889 3266 1088 3329 testamentis
1110 3276 1276 3330 extraneo-

321 3391 392 3433 rum
418 3370 498 3432 nihil
524 3370 663 3454 capiant
709 3370 780 3434 Sint
807 3382 963 3454 perpetuo
987 3381 1119 3449 egentes
1142 3379 1175 3432 ct
1200 3390 1278 3452 pau·

322 3491 426 3554 peres,
448 3470 580 3535 infamia
604 3492 660 3534 eos
685 3492 811 3553 semper
839 3481 971 3554 patema
1000 3471 1179 3534 comitetur.
1227 3471 1277 3535 Ad

320 3573 429 3635 nullos
443 3593 583 3658 unquam
599 3573 746 3649 honores,
760 3572 801 3635 ad
823 3574 912 3635 nulla
935 3594 1065 3655 prorsus
1080 3585 1278 3636 sacramenta

320 3675 518 3756 perveniant
565 3674 638 3737 Sint
666 3686 828 3758 postremo
859 3676 949 3752 tales,
979 3686 1014 3737 ut
1045 3675 1096 3737 bis
1125 3685 1278 3758 perpetua

321 3787 464 3855 egestate
489 3774 706 3850 sordentibus,
731 3775 775 3836 sit
801 3786 833 3836 et
859 3795 943 3836 mors
969 3774 1130 3851 solatium,
1156 3787 1189 3836 et
1214 3775 1278 3836 vita

320 3875 524 3958 supplicium.
572 3874 722 3956 Denique
742 3873 896 3958 jubemus
919 3874 1015 3937 etiam
1038 3895 1094 3937 eos
1116 3874 1276 3938 notabiles

320 3997 391 4040 esse
414 3978 484 4040 sine
508 3976 611 4052 venia,
633 3975 688 4057 qui
711 3996 770 4058 pro
793 3975 911 4037 talibus
937 3996 1081 4058 unquam
1105 3974 1193 4057 apud
1216 3996 1277 4037 nos

318 4078 509 4143 intervenire
525 4078 725 4142 tentaverint.
770 4076 822 4140 Ad
843 4077 926 4140 filias
949 4099 1026 4140 sane
1046 4098 1168 4152 eorum,
1184 4087 1277 4158 quot-

319 4179 396 4243 libet
406 4200 542 4242 numcro
555 4178 681 4253 suerint,
693 4177 852 4240 falcidiam
863 4189 987 4241 tantum
999 4198 1041 4240 ex
1053 4177 1148 4239 bonis
1158 4173 1277 4247 matris,

320 4277 382 4342 sire
404 4289 525 4343 testata
547 4278 614 4339 sire
636 4273 785 4338 intestata
807 4276 969 4353 deiecerit,
995 4278 1142 4337 volumus
1168 4290 1276 4353 perre-

320 4378 405 4456 nire3
429 4390 467 4443 ut
488 4379 630 4441 habeant
650 4376 758 4459 potius
778 4374 971 4438 mediocrem
991 4373 1067 4434 filiae
1083 4368 1277 4452 alimoniam,

773 4488 792 4534 Β
803 4479 824 4534 2
