3550 5467
404 774 474 818 cae·
490 755 601 834 xxiv.]
774 773 1024 819 nonrcnrrrcus.
1304 764 1362 822 187

401 923 656 1008 jocundissimus
670 937 728 1001 est,
747 923 903 1009 Apostolo
919 935 1064 997 testante,
1080 935 1112 986 et
1133 926 1188 1009 qui
1211 926 1362 1011 operibus

405 1028 509 1088 carnis
532 1025 603 1088 haec
624 1047 721 1109 opera
744 1024 883 1109 spiritus,
908 1047 982 1110 quae
1004 1022 1043 1086 ad
1073 1023 1168 1087 vitam
1192 1027 1362 1110 proliciunt

404 1126 571 1190 evidenter
590 1127 739 1211 opponit;
762 1149 836 1207 quae
857 1140 943 1200 sunt,
964 1125 1089 1200 caritas,
1106 1147 1181 1210 pax,
1197 1126 1363 1211 patientia,

407 1224 642 1308 longanimitas,
667 1224 802 1300 bonitas,
825 1224 993 1309 gaudium,
1016 1226 1239 1303 mansuetudo,
1264 1229 1364 1292 conti-

407 1328 526 1404 nentia,
543 1326 683 1390 castitas.
731 1325 794 1398 Qui
817 1348 893 1409 ergo
913 1326 970 1389 hos
987 1327 1113 1388 virtutis
1129 1349 1263 1391 ramosa
1280 1343 1364 1393 terra

406 1429 513 1493 cordis
528 1430 576 1494 sui
593 1428 771 1506 succidunt,
787 1441 819 1492 et
835 1428 973 1491 radicem
994 1429 1144 1500 caritatis,
1162 1430 1201 1492 de
1222 1452 1288 1514 qua
1303 1434 1363 1496 ori-

410 1546 522 1612 untur,
552 1529 776 1601 exterminant,
808 1542 945 1613 quanam
979 1529 1030 1591 via
1061 1528 1102 1590 ad
1134 1530 1362 1597 beatitudinem

408 1634 575 1718 pergunt?
621 1627 718 1694 Plane
750 1629 826 1692 nihil
858 1645 917 1704 est,
949 1629 1036 1714 quod
1067 1629 1168 1713 magia
1200 1632 1363 1698 caritatem

410 1735 591 1819 impugnet,
616 1752 710 1816 quam
736 1752 889 1793 venenum
916 1730 1052 1793 invidiae.
1099 1732 1160 1794 Est
1185 1745 1291 1796 autem
1318 1736 1365 1798 in·

410 1835 509 1908 vidia,
532 1850 569 1897 ut
595 1832 793 1918 philosophis
818 1832 952 1919 placuit,
975 1832 1113 1898 tristitia>
1140 1856 1179 1896 ex
1200 1840 1365 1920 apparenti

408 1937 624 2021 prosperitate
652 1934 786 2018 alicujus
811 1934 950 1998 initium.
998 1935 1029 1997 si
1057 1936 1139 1997 enim
1164 1936 1204 1999 de
1239 1942 1365 2024 tyranni

411 2037 460 2098 vel
470 2032 611 2119 perversi
621 2031 709 2108 civis,
722 2032 887 2118 apparenti
901 2033 972 2117 quis
987 2035 1196 2119 prosperitate
1209 2036 1365 2116 tristatur,

411 2156 614 2221 nequaquam
624 2133 817 2198 deturbatur
828 2133 956 2197 invidiae
968 2135 1099 2199 macula.
1139 2140 1222 2202 Nam
1235 2154 1267 2203 et
1277 2140 1367 2206 bonis

410 2236 571 2322 displicet,
587 2258 687 2323 quum
705 2237 736 2299 in
752 2234 919 2320 perniciem
938 2237 1109 2300 multorum
1130 2243 1209 2303 bene
1225 2244 1366 2308 succedit

412 2339 472 2415 hia,
488 2338 547 2423 qui
562 2338 603 2402 ad
626 2338 708 2401 mala
729 2337 905 2402 creduntur
923 2339 1094 2423 proniores.
1140 2342 1175 2406 Si
1195 2366 1271 2428 ergo
1288 2345 1367 2410 livor

414 2440 505 2504 bonis
528 2439 683 2524 affligitur
708 2439 829 2513 alienia,
853 2439 980 2525 planum
1008 2456 1055 2504 est
1081 2443 1167 2526 quod
1191 2466 1209 2505 a
1235 2446 1367 2511 caritate

412 2542 584 2628 plurimum
603 2541 712 2616 distat,
727 2564 800 2627 quae
815 2562 873 2604 sua
888 2564 950 2604 non
962 2544 1090 2627 quaerit,
1106 2544 1159 2605 sed
1172 2567 1246 2628 quae
1257 2549 1365 2630 proxi·

412 2665 548 2706 morum.
584 2641 708 2706 Caritas
722 2642 753 2703 in
770 2641 860 2706 bonis
876 2639 953 2704 nihil
969 2664 1075 2716 snum,
1088 2642 1118 2703 in
1133 2643 1223 2706 malis
1239 2661 1367 2728 reputat

412 2744 489 2807 nihil
517 2743 674 2807 alienum:
708 2743 797 2805 malis
828 2745 1022 2826 compatitur
1051 2741 1171 2817 alienis,
1198 2744 1280 2808 bona
1310 2770 1368 2810 aua

413 2845 565 2910 diffundit
584 2845 614 2907 in
631 2845 802 2930 proximos.
849 2849 933 2908 Nam
949 2857 981 2906 et
996 2843 1117 2905 animoa
1134 2843 1215 2919 unit,
1233 2859 1267 2908 ut
1284 2845 1365 2911 idem

413 2946 524 3021 velint,
550 2945 697 3030 idemque
723 2944 836 3007 nolint.
881 2943 937 3007 Ait
967 2964 1100 3026 magnus
1127 2956 1217 3026 pater
1241 2951 1370 3031 Augus·

415 3049 519 3114 tinus:
565 3046 657 3111 Tolle
681 3044 852 3108 invidiam:
888 3062 992 3106 meum
1019 3057 1109 3106 tuunr
1136 3056 1195 3123 est,
1217 3058 1249 3109 et
1275 3061 1367 3113 tuum

414 3172 532 3213 meum.
570 3150 616 3213 Et
636 3150 719 3211 forte
741 3169 803 3209 non
825 3146 885 3209 erit
908 3144 1029 3229 aliquid
1053 3166 1170 3222 meum,
1194 3148 1244 3210 vel
1266 3158 1370 3230 tuum,

415 3251 467 3314 sed
491 3251 599 3315 omnia
621 3262 729 3313 nostra
751 3261 855 3311 erunt.
897 3248 972 3332 lpsa
994 3245 1076 3309 enim
1101 3262 1149 3313 est
1174 3272 1257 3333 quae,
1280 3255 1368 3337 quod

412 3353 472 3416 sibi
495 3351 567 3415 vult
588 3351 707 3425 abesse,
723 3348 807 3413 idem
824 3349 970 3434 proximo
985 3349 1093 3412 abesse
1108 3350 1276 3426 desiderat,
1294 3368 1324 3418 et
1342 3356 1367 3419 si

414 3475 475 3516 non
491 3454 585 3534 absit,
600 3451 768 3516 infeliciter
779 3451 950 3527 cruciatur,
962 3466 993 3515 et
1010 3475 1094 3536 saepe
1111 3457 1140 3516 in
1154 3475 1192 3516 eo
1208 3456 1294 3541 quod
1308 3481 1370 3523 non

416 3557 586 3636 desiderat,
601 3557 677 3621 dum
695 3556 775 3619 illud
793 3556 939 3641 proximo
955 3555 1042 3620 videt
1058 3557 1177 3635 abesse,
1191 3573 1369 3648 torquetur.

417 3661 517 3724 Recte
533 3659 672 3745 quidem,
689 3680 789 3745 quum
806 3672 838 3722 et
855 3659 992 3724 Ethicus
1007 3659 1105 3736 dicat,
1121 3662 1198 3745 quia

520 3829 536 3878 J
539 3830 622 3881 ustius
634 3829 731 3880 invidia
743 3826 808 3878 nihil
820 3834 868 3890 est,
881 3845 940 3895 quae
952 3830 1068 3898 protinus
1080 3829 1163 3898 ipsum

557 3914 696 3965 Auctorem
707 3912 783 3975 rodit,
795 3914 945 3964 excrucians
958 3913 1080 3964 animum.

418 4064 485 4131 Nec
517 4065 585 4128 leve
616 4078 810 4127 tormentum
843 4064 963 4139 credas,
994 4088 1058 4149 quo
1091 4064 1212 4128 nullum
1245 4070 1372 4148 gravius

417 4179 593 4252 potuerunt
609 4164 742 4228 “Siculi
759 4166 940 4250 excogitare
952 4169 1106 4248 tyranni.”
1145 4169 1267 4230 Pestem
1282 4167 1372 4245 hanc,

418 4266 490 4331 licet
514 4266 631 4352 poetici
652 4266 737 4328 nube
757 4266 913 4349 figmenti,
934 4268 1021 4328 Naso
1043 4265 1187 4348 depinxit
1211 4264 1373 4347 eleganter

418 4369 548 4456 quidem
565 4382 595 4433 et
615 4392 703 4432 vere:
