3550 5467
407 738 480 790 cst.
497 728 591 806 vnn]
775 747 1027 796 ronrcnmrcus.

625 896 758 950 Placitone
769 899 848 949 etiam
861 899 990 970 pugnabis
1002 901 1103 952 amori?

519 981 548 1034 N
550 1000 579 1035 ec
591 984 701 1035 venitin
713 990 826 1036 mentem
838 1003 948 1053 quorum
961 986 1108 1039 consederis
1120 989 1206 1040 arria?

408 1082 496 1160 Quid
509 1081 635 1148 diutius
646 1088 772 1148 moror?
796 1087 846 1148 Nc
857 1085 938 1149 bunc
951 1086 1079 1172 quidem
1093 1101 1214 1173 partem
1225 1093 1366 1176 corporis

406 1183 525 1247 mulier
541 1185 706 1264 abstinuit,
719 1189 885 1272 victorque
901 1187 990 1252 miles
1005 1203 1179 1276 utrumque
1194 1195 1364 1277 persuasit.

405 1288 587 1351 docueruut
603 1310 680 1371 ergo
697 1309 771 1365 una,
796 1310 857 1350 non
876 1303 998 1353 tantum
1023 1289 1076 1354 illa
1092 1311 1194 1370 nocte,
1209 1317 1275 1380 qua
1286 1318 1365 1381 nup·

407 1386 471 1450 tias
483 1388 639 1467 fecerunt,
650 1389 703 1452 sed
717 1403 843 1474 postera
855 1391 963 1467 etium,
975 1414 1012 1456 ac
1024 1392 1118 1458 tertia
1127 1394 1189 1469 die,
1203 1398 1365 1480 praeclusis

410 1488 560 1554 videlicet
574 1490 740 1555 conditorii
757 1485 892 1569 fo'ribus,
908 1508 943 1556 ut
967 1496 1107 1579 quisque
1122 1518 1159 1557 ex
1177 1498 1261 1562 notis
1276 1499 1365 1582 igno-

407 1588 527 1675 tisque,
551 1589 591 1652 ad
618 1606 859 1655 monumentum
882 1596 1019 1673 veniens,
1035 1608 1177 1678 putasset
1200 1601 1363 1682 expirasse

407 1712 509 1775 super
530 1712 646 1776 corpus
668 1694 728 1756 viri
759 1694 995 1780 pudicissimam
1030 1719 1171 1773 uxorem,
1200 1700 1362 1764 Caeterum

406 1791 587 1860 delectatus
609 1796 700 1860 miles
715 1811 748 1860 et
771 1796 873 1860 forma
898 1797 1050 1873 mulieris,
1073 1811 1105 1862 et
1129 1815 1259 1880 secreto,
1273 1802 1363 1886 quic·

406 1895 579 1980 quidboni
601 1920 658 1983 per
679 1897 845 1963 facultates
867 1913 1004 1985 poterat,
1020 1900 1193 1976 coemebat,
1214 1917 1246 1965 et
1262 1903 1364 1988 prima

407 1999 518 2061 statim
535 2013 626 2063 nocte
648 1999 771 2063 ferebat
787 1999 817 2063 in
840 2015 1090 2065 monumentum.
1138 2004 1252 2089 Itaque
1268 2006 1363 2070 unius

407 2099 544 2164 cruciati
570 2115 727 2187 parentes,
756 2115 792 2166 ut
825 2102 972 2167 viderunt
1002 2106 1140 2168 laxatam
1171 2107 1362 2185 custodiam,

407 2199 617 2266 detraxerunt
641 2218 732 2267 nocte
760 2203 962 2289 pendentem,
991 2218 1023 2269 et
1054 2228 1203 2291 supremo
1231 2211 1362 2273 manda·

407 2317 525 2368 uerunt
538 2304 651 2368 officio.
696 2310 739 2370 At
755 2304 845 2369 mileu
859 2306 1117 2394 circumscriptus
1132 2309 1209 2374 dum
1226 2310 1360 2388 desidet,

408 2416 445 2467 ut
458 2416 585 2489 postero
594 2405 646 2469 die
656 2405 736 2469 vidit
750 2427 843 2469 unam
855 2407 921 2470 sine
932 2408 1085 2472 cadavere
1095 2433 1233 2488 crucem,
1243 2414 1363 2477 veritus

408 2506 613 2593 supplicium,
636 2507 759 2571 mulieri
782 2508 861 2593 quid
885 2510 1046 2575 accidisset
1066 2513 1219 2596 exponit;
1257 2535 1315 2576 nec
1330 2537 1363 2577 se

406 2624 650 2696 expectaturum
667 2611 991 2695 sententiamjudicis,
1008 2613 1061 2675 sed
1072 2611 1180 2696 gladio
1190 2613 1246 2698 jus
1260 2614 1364 2677 dictu-

410 2736 479 2779 rum
496 2713 633 2798 ignauia·
648 2735 726 2788 suae,
742 2713 979 2794 commendans,
990 2714 1085 2778 modo
1100 2717 1243 2797 perituro
1258 2714 1362 2780 locum

407 2816 601 2901 provideret,
630 2830 661 2880 et
692 2816 789 2880 fatale
818 2816 1030 2880 conditorium
1056 2813 1202 2879 familiari
1233 2838 1269 2879 ac
1294 2817 1362 2881 viro

406 2919 536 2983 faceret.
581 2917 701 2983 Mulier
716 2940 777 2980 non
795 2919 900 2982 minuc
916 2917 1104 2995 misericors,
1117 2940 1213 3002 quam
1231 2918 1360 3003 pudica:

406 3022 478 3084 Nec
489 3019 711 3104 istud,inquit,
723 3019 768 3082 dii
778 3017 894 3095 sinaut,
906 3032 941 3081 ut
953 3016 1062 3081 eodem
1071 3030 1212 3103 tempore
1222 3018 1361 3084 duorum

406 3119 486 3185 mibi
516 3121 748 3186 carissimorum
780 3120 945 3184 hominum
975 3119 1041 3184 duo
1070 3119 1183 3182 funera
1213 3135 1362 3206 spectem.

406 3222 499 3288 Malo
526 3237 689 3287 mortuum
720 3222 914 3309 impendere,
944 3244 1041 3308 quam
1073 3221 1182 3285 vivum
1209 3221 1360 3287 occidere.

406 3325 590 3391 Secundum
606 3328 688 3390 hanc
703 3326 855 3390 rationem
867 3325 961 3411 jubet
984 3346 1025 3387 ex
1041 3347 1113 3388 area
1127 3346 1244 3409 corpus
1255 3325 1360 3390 mariti

404 3429 456 3492 sui
472 3426 551 3502 tolli,
575 3442 673 3514 atque
692 3428 751 3506 illi,
767 3452 842 3514 quae
865 3428 1008 3507 vacabat,
1030 3430 1117 3492 cruci
1132 3427 1228 3512 affigi.
1273 3429 1361 3494 Usus

405 3548 454 3595 est
469 3530 559 3595 miles
574 3531 702 3616 ingenio
714 3530 970 3618 prudentissime
981 3529 1116 3594 femiuae.
1165 3529 1362 3617 Posteroque

406 3632 459 3698 die
473 3633 612 3721 populus
626 3635 761 3699 miratus
775 3649 833 3709 est,
854 3657 919 3718 qua
935 3633 1055 3697 ratione
1071 3644 1217 3696 mortuus
1238 3633 1311 3698 isset
1328 3632 1360 3697 iu

406 3757 543 3800 crucem.
590 3737 643 3801 Tu
659 3737 836 3815 historiam,
849 3749 906 3800 aut
923 3734 1076 3812 fabulam,
1088 3734 1176 3820 quod
1193 3735 1241 3800 bis
1256 3735 1361 3801 verbis

406 3837 505 3901 refert
529 3838 710 3914 Petronius,
733 3861 792 3923 pro
820 3837 914 3903 libitu
945 3838 1127 3924 appellabis.
1175 3842 1225 3903 lta
1256 3851 1360 3903 tamen

406 3960 445 4003 ex
469 3939 556 4003 t'acto
582 3939 733 4004 accidisse
756 3939 890 4025 Ephesi,
912 3951 943 4002 et
967 3939 1142 4003 Flavianus
1168 3952 1280 4004 auctor
1302 3952 1360 4003 est.

409 4041 647 4129 Mulieremque
670 4040 768 4105 tradit
791 4040 964 4127 impietatis
979 4063 1057 4114 suae,
1073 4054 1104 4107 et
1121 4038 1245 4105 sceleris
1260 4040 1362 4124 parri·

406 4142 529 4219 cidalis,
544 4157 577 4208 et
592 4142 741 4206 adulterii
759 4164 867 4227 poenas
883 4141 986 4205 luisse.
1034 4138 1105 4202 Non
1130 4138 1258 4224 quidem
1276 4137 1361 4202 solus

407 4259 453 4309 est
484 4246 517 4310 in
541 4245 709 4312 mulierum
732 4243 859 4329 ineptiis
881 4241 1035 4316 ridendis,
1059 4253 1114 4305 aut
1143 4237 1360 4322 exprimendis

406 4348 589 4412 Petronius.
636 4345 753 4410 Scribit
784 4345 896 4407 beatus
926 4341 1153 4424 Hieronymus,
1184 4336 1261 4421 quia
1283 4350 1360 4403 totae
