3550 5467
407 769 481 814 cae.
499 752 562 831 1v.]
770 768 1024 814 ronrcnarrcus.
1306 753 1368 811 als

405 930 511 982 umen
540 932 578 984 ut
605 919 638 982 id
666 918 855 1002 respiciatur
880 920 913 982 in
941 918 1086 1002 singulis,
1108 917 1196 1001 quod
1222 917 1254 980 in
1282 916 1362 979 facie

405 1019 560 1105 sapientis
581 1019 649 1083 sine
672 1019 788 1082 rubore
810 1032 842 1081 et
869 1033 944 1082 nota
972 1018 1075 1081 valeat
1102 1016 1268 1080 denudari.
1315 1016 1363 1079 Si-

406 1121 538 1206 quidem
556 1122 675 1185 imitari
695 1119 847 1184 debemus
867 1144 952 1196 eum,
969 1121 1024 1204 qui
1046 1119 1142 1184 solem
1166 1142 1260 1182 suum
1283 1118 1361 1182 facit

408 1220 484 1284 oriri
506 1220 724 1307 superbonus
746 1234 777 1283 et
802 1219 912 1295 malos,
934 1231 965 1282 et
986 1219 1068 1303 pluit
1093 1241 1188 1304 snper
1209 1219 1314 1304 justos
1332 1232 1364 1282 et

410 1320 557 1403 injustos.
605 1321 638 1384 Si
664 1319 746 1383 enim
775 1343 946 1405 pauperem
973 1320 1158 1384 histrionem
1187 1320 1362 1394 videamus,

411 1435 469 1485 aut
494 1422 640 1496 mimum,
666 1443 728 1485 non
753 1422 906 1485 debemus
932 1421 1045 1507 utique
1070 1422 1177 1485 fovere
1201 1421 1363 1496 malitiam,

409 1521 465 1585 sed
480 1536 671 1608 correptam,
686 1538 717 1587 et
733 1522 758 1586 si
775 1523 842 1586 lieri
858 1537 964 1607 potest
984 1523 1196 1599 emendatam,
1212 1524 1362 1586 fraternae

409 1623 551 1687 caritatis
568 1625 644 1708 jure
665 1638 792 1709 oportet
819 1623 989 1688 sustentari
1016 1637 1173 1688 naturam.
1219 1622 1363 1708 Expedit

413 1726 497 1788 enim
532 1724 617 1788 omni
651 1727 772 1811 petenti
807 1726 960 1805 tribuere,
993 1725 1042 1788 vel
1073 1725 1219 1789 affectum
1252 1725 1367 1788 mentis

411 1828 460 1890 vel
491 1827 640 1891 solatium
669 1829 820 1892 caritatis.
866 1827 1034 1892 Interdum
1066 1841 1170 1892 tamen
1200 1830 1363 1911 increpare

409 1929 550 2015 pigrum,
578 1933 785 2004 meretricem,
812 1928 861 1991 vel
886 1928 1069 1994 histrionem
1096 1928 1291 1993 confundere
1316 1950 1365 1991 sa·

413 2029 538 2094 lubrius
566 2043 626 2106 est,
657 2052 752 2115 quam
790 2028 876 2115 quod
912 2031 1045 2114 exigunt
1081 2029 1217 2114 elargiri.
1278 2030 1364 2104 Quid

413 2136 539 2195 moror?
578 2131 740 2216 Quicquid
756 2131 872 2196 caritas
886 2145 1006 2215 erogat,
1025 2145 1243 2196 remuneratur
1262 2155 1282 2195 a
1298 2133 1366 2195 Do·

412 2233 507 2297 mino.
546 2232 639 2310 Quod
656 2232 817 2317 dispensat
833 2232 966 2310 vanitas,
981 2232 1148 2297 evanescit.
1187 2234 1226 2296 In
1244 2231 1364 2311 Quinto

411 2332 565 2398 Considio
585 2333 782 2397 saluberrimi
805 2334 955 2420 exempli,
976 2356 1034 2400 nec
1056 2335 1122 2398 sine
1139 2357 1241 2420 parvo
1262 2335 1362 2422 ipsius

413 2437 533 2511 fructu,
562 2435 745 2513 liberalitas,
772 2436 926 2500 referente
958 2435 1091 2513 Valerio,
1119 2452 1270 2501 annotata
1299 2453 1367 2502 est:

413 2538 481 2627 qui,
499 2538 648 2602 Catilinae
664 2538 771 2601 furore
789 2537 835 2600 ita
856 2550 1056 2601 consternata
1076 2538 1251 2622 republica,
1269 2551 1304 2602 ut
1327 2564 1367 2603 ne

414 2664 433 2704 a
456 2639 671 2726 locupletibus
693 2639 823 2724 quidem
847 2638 965 2701 debitae
987 2639 1142 2723 pecuniae,
1165 2654 1296 2724 propter
1319 2654 1370 2704 tn-

415 2743 683 2827 multum,pretiis
694 2741 923 2826 possessionum
935 2738 1110 2814 diminutis,
1118 2741 1195 2803 solvi
1206 2741 1368 2808 creditori·

416 2847 477 2911 bus
489 2858 634 2931 possent:
659 2866 758 2929 qnum
772 2843 891 2906 centies
900 2855 998 2927 atque
1012 2841 1224 2926 quinquagies
1235 2846 1369 2910 sestertii

414 2968 570 3011 summam
583 2945 614 3008 in
626 2945 748 3010 soenore
760 2944 902 3014 baberet,
915 2964 1019 3028 neque
1031 2941 1071 3005 de
1083 2956 1166 3005 sorte
1175 2965 1369 3030 quemquam

414 3049 596 3113 debitorum
613 3069 754 3122 suorum,
771 3068 873 3130 neque
888 3043 929 3107 de
952 3065 1048 3106 usura
1066 3066 1085 3105 a
1105 3047 1170 3108 suis
1190 3067 1300 3130 passus
1321 3062 1368 3111 est

414 3148 587 3225 conveniri,
614 3161 836 3233 quantumque
865 3149 898 3209 in
929 3144 999 3229 ipso
1028 3145 1102 3222 fuit,
1128 3146 1370 3212 amaritudinem

414 3250 553 3337 publicae
576 3250 782 3326 confusionis
804 3247 928 3335 privata
950 3245 1182 3332 tranquillitate
1202 3249 1369 3332 mitigavit.

414 3356 617 3440 Opportune,
636 3352 830 3436 mirificeque
855 3365 1001 3430 testatus
1024 3375 1056 3414 se
1077 3373 1279 3417 nummorum
1297 3376 1368 3417 suo-

414 3479 501 3533 rum,
512 3477 575 3518 non
591 3455 691 3519 civilis
704 3455 865 3539 sanguinis
878 3477 947 3517 esse
957 3454 1188 3519 foeneratorem.
1217 3458 1300 3519 Nam
1314 3456 1370 3542 qui

416 3581 502 3622 nunc
524 3559 686 3644 praecipue
709 3557 938 3621 nundinatione
960 3556 1169 3634 delectantur,
1194 3583 1293 3644 quum
1316 3583 1371 3646 pe·

413 3660 540 3723 cuniam
571 3660 700 3725 domum
727 3672 889 3723 cruentam
917 3658 1107 3739 retulerunt,
1131 3683 1225 3745 quam
1253 3662 1370 3750 impro-

417 3760 525 3825 bando
546 3761 692 3825 exultent
715 3760 846 3845 gaudia,
862 3776 1063 3846 cognoscent,
1081 3762 1105 3826 si
1126 3760 1296 3847 diligenter
1316 3769 1370 3829 Se·

416 3864 707 3940 natusconsultum‚
743 3887 809 3948 quo
844 3863 994 3928 Considio
1028 3864 1139 3947 gratiae
1176 3879 1255 3931 actae
1285 3884 1370 3946 sunt,

416 3965 520 4051 legere
536 3989 597 4030 non
609 3966 812 4031 fastidierint.
848 3967 1015 4031 Subnectit
1031 3968 1106 4031 huic
1123 3969 1370 4055 Agrigentinum

417 4069 561 4144 Gilliam,
581 4091 677 4153 quem
698 4068 927 4154 propemodum
950 4068 1049 4154 ipsius
1072 4068 1269 4133 liberalitatis
1291 4094 1371 4154 prae-

415 4172 524 4236 cordia
546 4182 670 4234 constat
691 4170 850 4235 babuisse.
896 4174 977 4234 Erat
995 4170 1113 4255 opibus
1134 4170 1300 4249 excellens,
1316 4175 1371 4236 sed

417 4273 520 4337 multo
535 4273 630 4336 etism
648 4273 764 4348 animo,
781 4294 877 4357 quam
899 4272 1032 4349 divitiis,
1050 4269 1246 4355 locupletior.
1285 4274 1372 4339 Sem.

417 4397 539 4462 perque
556 4377 588 4438 in
610 4375 769 4459 eroganda
790 4374 908 4460 potius,
932 4395 1026 4456 quam
1049 4375 1082 4436 in
1102 4371 1299 4456 corripienda
1319 4399 1371 4461 pe.
