3550 5467
283 773 351 818 car.
366 755 410 836 n]
631 773 886 821 socrcnarrcus.
1176 765 1241 827 20³

282 934 343 989 tur.
373 925 573 1005 Dsinrldia,
581 925 702 1006 odium,
712 927 894 1005 susurratio,
905 925 1069 1006 detractio,
1079 929 1239 995 exultatio

282 1024 316 1090 iu
345 1025 492 1093 adversis
525 1026 675 1112 prosimi,
703 1026 837 1094 afflictio
870 1038 978 1094 aruum
1007 1027 1042 1092 in
1077 1030 1239 1113 prosperis

281 1128 437 1193 nmcuur.
476 1130 529 1194 Da
554 1126 612 1207 ira,
636 1129 728 1206 rixoe,
750 1139 854 1195 tumor
874 1129 1002 1208 mentis,
1023 1131 1238 1209 contumelia,

279 1229 412 1306 clamor,
426 1228 619 1312 indignatio,
633 1223 842 1312 blasphemia
858 1229 1068 1311 proferuntur.
1099 1231 1151 1294 De
1166 1231 1236 1299 tris·

279 1329 361 1408 titia,
375 1332 510 1408 malitia,
520 1350 644 1407 mucor,
659 1329 914 1414 pusillanimitas,
925 1331 1117 1414 desperatio,
1128 1344 1237 1415 torpor

279 1428 367 1494 circa
380 1441 554 1514 praeopta,
567 1431 693 1512 vagatio
704 1431 821 1497 mentia
836 1432 923 1498 circa
932 1432 1051 1502 illicita
1063 1433 1234 1516 prodeunt

281 1530 335 1594 Da
353 1532 495 1610 avaritia,
508 1531 658 1617 proditio,
672 1532 768 1617 fraus,
783 1533 921 1606 fallacia,
943 1534 1091 1618 perjuria,
1110 1536 1234 1619 inquis·

278 1630 368 1709 tudo,
383 1633 554 1710 amenum,
569 1643 602 1696 et
616 1643 729 1697 contra
740 1631 993 1701 misericordiam
1008 1633 1234 1701 obdurationes

278 1730 613 1816 cordisegrsdiuntur.
639 1735 691 1796 De
703 1733 823 1797 ventris
833 1733 986 1815 ingluvie,
994 1734 1103 1816 inepta
1113 1735 1233 1814 laetitia,

278 1833 464 1910 scurrilitas,
473 1832 686 1910 immunditia,
701 1834 915 1916 multiloquia,
931 1834 1094 1899 hebetudo
1108 1857 1232 1911 sensim,

278 1933 365 1997 circa
377 1933 622 2015 intelligentiam
634 1945 860 2017 propagantur.
886 1935 939 1998 De
950 1934 1091 2014 luxuria,
1102 1935 1232 2005 caecitas

276 2033 1231 2118 mantisincousideratio,inconstantia,praeoipitatio,amor

277 2134 339 2209 sui,
350 2132 461 2202 odium
475 2134 550 2208 Dei,
559 2135 695 2198 affectus
706 2135 871 2219 praesentis
882 2137 994 2215 seculi,
1004 2137 1112 2206 horror
1123 2148 1228 2205 autem

276 2235 327 2300 rel
341 2234 525 2319 desperatio
539 2235 637 2301 futuri
652 2248 827 2318 genantur.
865 2237 931 2303 Sed
946 2239 1109 2323 quomodo
1124 2239 1166 2305 ab
1180 2241 1227 2306 iu-

274 2336 379 2403 ricem
408 2336 600 2420 principalia
628 2336 795 2422 prodeant,
823 2339 911 2405 idem
940 2340 1053 2409 doctor
1081 2342 1227 2426 exponit

273 2438 383 2502 Prima
411 2459 550 2522 namque
580 2440 737 2523 superbire
766 2442 905 2519 soboles,
934 2442 1011 2512 dum
1039 2464 1227 2526 oppressam

274 2550 415 2604 moutam
435 2540 619 2623 corruperit,
636 2562 714 2606 mox
733 2541 886 2605 invidiam
909 2543 1023 2626 gignit,
1037 2545 1114 2626 quia
1134 2543 1226 2611 nimi-

273 2661 344 2704 mm
371 2638 450 2704 dum
477 2641 551 2705 vani
573 2642 713 2705 nominis
735 2642 911 2724 potentiam
934 2643 1066 2726 appetit,
1088 2663 1130 2706 ue
1153 2643 1226 2727 quis

272 2741 356 2811 nlius
370 2741 456 2807 banc
468 2740 606 2826 adipisci
622 2744 737 2819 valeat,
748 2742 927 2807 intabescit.
955 2742 1083 2807 Invidia
1096 2764 1226 2827 quoque

271 2844 351 2908 iram
378 2855 526 2925 generat,
553 2844 630 2927 quia
658 2855 776 2927 quanto
807 2842 933 2907 interno
959 2844 1066 2911 livoris
1096 2846 1225 2915 vulnero

270 2945 400 3012 antara
414 2943 585 3022 sauciatur,
600 2954 690 3008 tanto
705 2944 801 3007 etiam
821 2944 1033 3011 mansuetudo
1047 2944 1223 3027 tranquilli·

273 3047 350 3114 tatis
365 3045 529 3112 ambitur.
565 3046 612 3108 Et
626 3044 702 3128 quia
721 3046 813 3130 quasi
828 3045 942 3111 doleia
963 3047 1140 3114 membrum
1156 3057 1223 3113 tau·

269 3148 368 3232 gitur,
381 3145 503 3212 idcirco
523 3147 680 3231 opposite
694 3147 831 3211 actionis
853 3167 977 3225 manus,
993 3147 1079 3211 velut
1097 3146 1225 3228 gravius

270 3269 383 3333 pressa
401 3248 545 3313 sentitur.
582 3249 637 3313 Ex
659 3247 707 3311 ira
730 3268 857 3335 quoque
876 3245 1004 3311 tristitia
1023 3247 1129 3324 oritur,
1148 3247 1224 3331 quia

270 3350 399 3414 turbata
413 3371 503 3413 mens
515 3372 579 3434 quo
595 3346 774 3412 inordinate
791 3370 825 3411 se
841 3347 993 3425 concutit,
1004 3369 1042 3410 eo
1057 3346 1098 3411 ad
1114 3347 1222 3412 dicen·

271 3449 348 3518 dum
364 3451 449 3513 mala
470 3451 628 3533 confugit:
652 3462 684 3514 et
699 3473 794 3535 quum
817 3448 1021 3514 dulcedinem
1044 3450 1221 3534 tranquilli-

268 3551 346 3617 tatis
363 3551 513 3628 amiserit,
534 3552 614 3614 nihil
635 3551 719 3615 banc
742 3550 804 3613 nisi
825 3571 868 3613 ex
888 3550 1126 3634 perturbatione
1145 3552 1222 3617 sub·

266 3673 407 3738 seqrrsm
421 3673 538 3715 raoeror
552 3653 666 3736 pascit.
702 3651 847 3716 Tristitia
861 3674 987 3737 quoque
1001 3652 1043 3718 ad
1058 3651 1221 3718 avaritiam

267 3754 441 3832 derivatur,
456 3756 533 3838 qaia
554 3754 631 3818 dum
651 3755 822 3827 consilium
843 3776 899 3818 cor
912 3756 1035 3819 bouum
1054 3755 1089 3819 in
1104 3766 1217 3826 somet-

268 3857 340 3942 ipso
360 3858 448 3920 intus
462 3856 612 3934 amiserit,
627 3855 714 3920 unda
734 3857 891 3921 consolari
909 3855 1028 3921 debeat
1041 3857 1116 3922 soris
1132 3879 1220 3941 qua·

267 3958 316 4023 rit
362 3959 410 4024 Et
438 3967 528 4025 tanto
553 3957 655 4039 magis
681 3957 840 4022 exteriora
863 3958 952 4023 bona
976 3956 1113 4041 adipisci
1136 3955 1219 4021 desi·

268 4060 369 4137 derat,
381 4071 503 4145 quanto
514 4058 664 4140 gauium
674 4081 741 4127 non
752 4060 862 4134 habat,
873 4058 916 4124 ad
927 4059 1015 4142 quod
1026 4059 1219 4125 intrinsecus

265 4175 416 4229 recurrat.
459 4162 506 4227 Et
531 4158 660 4246 quidem
686 4161 813 4241 singula
842 4180 950 4223 eorum
975 4181 1042 4227 sum
1066 4157 1217 4241 perniciei

264 4266 404 4329 afferunt
424 4265 571 4344 fructum,
595 4285 694 4347 quum
713 4262 819 4327 inanis
838 4261 940 4343 gloria
959 4262 1077 4335 Deum,
1096 4256 1218 4322 invidia

266 4367 461 4460 proximum,
477 4364 523 4433 ira
542 4363 665 4435 auferat
684 4375 716 4428 at
732 4363 891 4444 scipsum:
920 4360 1045 4424 tristitia
1060 4357 1165 4425 solatii
1179 4358 1218 4423 fit
