3550 5467
411 731 474 789 sto
665 743 802 789 10111111
816 741 1106 789 111111111111111
1197 725 1283 805 [urs.
1297 745 1360 791 111.

413 893 531 977 agitur,
546 893 601 957 sed
620 892 661 956 de
680 892 731 958 bis
749 893 805 976 qui
821 891 1058 977 rempublicam
1078 907 1244 976 premunt.
1287 897 1362 959 Nam

415 995 530 1080 privati
552 992 678 1076 legibus
697 991 846 1076 publicis,
865 1014 941 1078 quse
963 992 1193 1077 constringunt
1208 994 1362 1059 bominum

414 1095 506 1170 ritas,
528 1093 621 1159 facile
641 1109 836 1159 coercentur.
883 1095 923 1158 ln
946 1094 1147 1160 sacerdotem
1172 1108 1291 1171 111111,
1309 1094 1363 1161 etsi

413 1210 581 1279 tyrannum
612 1195 738 1272 induat,
768 1209 900 1281 propter
928 1196 1143 1261 reverentiam
1174 1197 1363 1276 sacrmenti,

411 1296 555 1381 gladium
567 1296 760 1361 materialem
773 1319 919 1362 exercere
934 1319 997 1360 non
1009 1296 1095 1372 licet,
1105 1298 1171 1362 nisi
1179 1299 1264 1363 forte
1272 1320 1362 1384 quom

412 1410 639 1463 exauctoratus
647 1398 756 1474 luerit,
766 1399 799 1461 in
811 1398 973 1462 ecclesiam
986 1399 1049 1463 Dei
1063 1415 1232 1464 cruentam
1244 1420 1364 1464 manum

412 1498 579 1575 extendat,
588 1523 626 1563 eo
640 1498 770 1584 quidem
783 1512 939 1584 perpetuo
950 1499 1129 1576 obtinente,
1139 1514 1178 1564 ut
1186 1501 1231 1565 ob
1240 1501 1362 1565 eandem

412 1623 539 1665 oausam
550 1622 612 1664 non
627 1612 796 1684 consurgat
807 1603 839 1664 in
851 1623 924 1664 eum
936 1599 1061 1684 duplex
1071 1601 1255 1667 tribulatio.
1286 1604 1364 1667 Pra-

413 1716 463 1771 ter
482 1724 549 1767 rem
571 1719 677 1767 tamen
700 1724 762 1766 uon
783 1701 923 1779 ridetur,
939 1702 967 1766 si
990 1703 1072 1780 haec,
1086 1725 1165 1788 quae
1179 1703 1269 1769 dicts
1283 1719 1363 1781 sunt,

412 1804 575 1891 aliquibus
588 1818 770 1870 astruamus
783 1803 947 1891 exemplis.

414 2044 493 2127 Cep.
518 2045 567 2104 ls.
591 2040 644 2104 De
664 2046 763 2103 morte
782 2039 869 2102 Jutti
889 2038 1039 2116 Ceratis,
1059 2049 1093 2103 ct
1108 2041 1252 2105 01101101
1268 2043 1365 2125 gasti

729 2143 809 2203 lium
824 2146 1050 2222 tyrannorum.

456 2288 632 2349 Oocottmr
646 2305 724 2369 ergo
739 2282 895 2367 imprimis
905 2281 1022 2347 domus
1036 2284 1198 2372 cessarea,
1213 2309 1279 2373 qua
1288 2286 1363 2351 nihil

415 2386 577 2473 potentius
598 2397 655 2447 aut
675 2382 856 2468 gloriosius,
876 2383 944 2448 ulla
965 2397 1060 2449 etate
1083 2384 1196 2452 recolit
1220 2389 1363 2455 mundus.

413 2483 579 2574 Siquidem
599 2483 706 2549 Julius
726 2487 835 2550 Caesar
853 2487 979 2570 primus
996 2486 1120 2566 orbem,
1134 2490 1315 2573 prudentiae
1332 2503 1363 2555 et

414 2589 461 2655 rei
475 2587 623 2652 militaris
637 2585 769 2662 viribus,
781 2585 960 2673 acquisivit.
998 2591 1108 2653 Homo
1122 2612 1363 2678 perpaucorum,

415 2704 447 2757 et
463 2688 515 2754 cui
535 2688 660 2753 nullum
683 2709 829 2775 expresse
848 2687 983 2753 similem
1002 2689 1110 2755 adhuc
1130 2691 1234 2757 edidit
1255 2707 1364 2758 nsturs

415 2790 609 2857 mortalium.
642 2791 735 2854 Licet
746 2789 828 2854 enim
840 2789 952 2854 Cicero
962 2813 1035 2856 eum
1043 2791 1164 2859 alicubi
1175 2795 1364 2875 criminetur,

415 2893 503 2981 quod
525 2891 605 2956 citra
626 2913 750 2956 omnem
774 2891 922 2956 utilitatis
943 2905 1001 2958 aut
1023 2893 1200 2960 honestatis
1221 2898 1364 2984 speciem,

414 2993 633 3059 delectabatur
661 2992 795 3079 injuriis,
823 2992 903 3056 adeo
932 3007 968 3058 ut
997 3015 1070 3060 eum
1099 2998 1210 3083 ipsum
1238 3021 1362 3084 peccare

409 3097 555 3183 juraret:
582 3092 666 3158 idem
688 3108 793 3158 tamen
813 3095 911 3159 tantis
932 3094 1083 3163 laudibus
1103 3098 1242 3164 eundem
1264 3099 1360 3176 ell'ert,

414 3208 452 3261 ut
467 3195 599 3259 deorum
615 3206 740 3258 censeat
754 3215 870 3260 munus
883 3217 924 3259 ex
945 3195 1126 3263 virtutibus
1142 3212 1361 3286 temperatum,

414 3300 560 3363 Romano
573 3294 737 3360 indultum
759 3295 903 3382 imperio,
919 3310 1032 3383 utpote
1052 3300 1112 3384 qui
1130 3322 1190 3365 nec
1209 3301 1363 3388 prosperis

413 3398 536 3478 extolli,
558 3420 615 3462 nec
635 3397 778 3463 adversis
798 3399 904 3485 frangi
926 3402 1061 3476 noverit,
1083 3402 1275 3488 magnificus
1299 3403 1362 3468 sina

411 3499 611 3580 crudelitate,
636 3501 703 3565 sine
728 3505 906 3567 temeritate
934 3504 1167 3588 magnanimus.
1211 3506 1361 3585 Quamvis

411 3600 537 3672 enimsi
557 3604 638 3667 alius
658 3618 750 3685 esset,
764 3618 870 3691 posset
891 3609 1076 3671 temerarius
1098 3607 1220 3681 rideri;
1258 3610 1361 3673 Cesar

409 3714 513 3765 tamen
528 3702 634 3766 audax
646 3704 748 3769 videri
760 3728 822 3771 non
834 3707 942 3784 debet,
953 3708 1047 3792 cujus
1057 3709 1209 3774 voluntas
1221 3710 1359 3774 Deorum

408 3798 567 3887 aspirante
579 3802 697 3878 farore,
708 3826 833 3890 semper
843 3808 928 3872 infra
939 3822 1129 3894 potestatem
1145 3810 1222 3876 tuit.
1262 3816 1360 3877 Nemo

408 3901 511 3967 lerum
527 3915 679 3987 expertus
694 3917 741 3969 111
758 3909 929 3985 cessarem,
944 3909 1005 3974 nisi
1019 3911 1173 3996 superbia
1188 3912 1360 3977 rebellaret

410 4005 606 4070 Provocatus
631 4001 766 4088 injuriis,
793 4028 915 4091 pronus
939 4007 1002 4075 t‘uit
1027 4008 1070 4073 ad
1093 4011 1233 4076 1111111.
1277 4013 1361 4090 Quos

410 4107 485 4172 vicit
498 4106 631 4186 viribus,
642 4105 814 4190 prudentia
824 4111 1002 4176 antecessit.
1031 4112 1194 4178 Excessus
1210 4136 1284 4178 vero
1293 4114 1361 4200 ejus

409 4209 600 4275 ridebantur
622 4231 758 4295 sperare,
779 4210 873 4275 etad
891 4212 1052 4299 justitiam
1072 4215 1225 4301 aspirare.
1269 4213 1361 4293 Quod

409 4334 503 4377 exeo
516 4312 629 4399 conjici
650 4325 766 4398 potest,
781 4314 870 4400 quod
891 4314 1016 4380 nullum
1033 4329 1162 4403 tempus
1182 4317 1243 4383 sibi
1263 4317 1360 4382 voluit
