3550 5467
407 748 479 794 cae.
496 733 583 806 xxc]
755 749 1010 796 eonrcamrcos.
1296 740 1356 801 351

409 898 521 962 laetitia
551 897 665 984 plenus
693 919 758 963 ero.
807 900 964 964 Praesides
992 902 1228 987 provinciarum
1259 905 1361 969 rarius

408 999 495 1063 domi
511 1000 647 1086 suscipe,
662 999 846 1086 frequenter
867 1003 913 1067 eis
928 1003 1047 1088 scripta
1069 1007 1258 1070 transmitte.
1306 1007 1360 1070 In-

406 1101 628 1184 gredientibus
637 1104 682 1165 eis
692 1102 865 1180 civitatem,
877 1104 1077 1169 sacerdotum
1090 1107 1198 1173 nullus
1206 1122 1362 1173 occurrat.

408 1202 584 1288 Quumque
611 1201 651 1265 ad
675 1201 794 1288 templa
812 1204 958 1266 venerint
975 1203 1119 1281 deorum,
1141 1206 1228 1272 intra
1244 1209 1361 1294 januas

407 1323 462 1364 eos
476 1322 569 1365 nemo
583 1299 743 1387 praecedat
763 1302 901 1366 militum
917 1301 1012 1383 forte,
1031 1315 1088 1368 aut
1112 1306 1361 1389 praecedentium

407 1402 597 1480 officiorum,
614 1404 668 1469 sed
691 1407 750 1490 qui
772 1403 919 1480 voluerit,
935 1404 1159 1490 subsequatur.
1194 1409 1301 1486 Quum
1317 1409 1358 1474 ad

408 1505 513 1590 ipsum
531 1506 624 1569 limen
640 1505 750 1591 templi
765 1506 958 1591 pervenerit,
974 1505 1118 1592 privatus
1132 1508 1258 1573 existat.
1304 1511 1360 1574 Tu

407 1607 503 1684 enim,
520 1609 602 1673 sicut
621 1608 717 1685 nosti,
741 1608 827 1672 intus
849 1628 884 1672 es
906 1608 1024 1693 judex.
1071 1609 1144 1672 Hoc
1165 1608 1247 1673 enim
1266 1610 1362 1675 etiam

408 1729 497 1772 sacra
511 1709 632 1773 sanctio
647 1708 775 1773 videtur
796 1711 933 1793 exigere.
979 1708 1172 1774 Obedientes
1187 1711 1287 1795 igitur
1303 1733 1362 1797 pro

408 1811 541 1874 veritate
569 1809 615 1895 pii
641 1822 727 1886 sunt,
755 1810 946 1876 reluctantes
972 1833 1061 1875 vanae
1081 1811 1193 1896 gloriae
1218 1833 1362 1897 compro-

408 1911 535 1977 bantur.
580 1912 666 1990 Quid
690 1913 772 1978 enim
797 1914 970 2000 patiantur,
988 1926 1046 1979 aut
1069 1914 1158 2000 quod
1180 1929 1362 1980 mereantur

408 2015 576 2091 auxilium,
592 2015 648 2100 qui
670 2030 805 2080 matrem
823 2014 955 2080 deorum
978 2015 1149 2101 propitiam
1172 2015 1290 2080 habere
1305 2037 1363 2079 no·

407 2113 550 2178 luerint?
574 2115 637 2192 Qui
660 2139 736 2199 ergo
758 2137 826 2179 eam
850 2115 1060 2202 neglexerint,
1082 2138 1145 2181 non
1167 2116 1269 2180 solum
1294 2115 1360 2179 sine

406 2220 537 2301 querela
551 2238 613 2279 non
628 2231 733 2295 erunt,
749 2217 803 2282 sed
818 2217 916 2283 etiam
931 2231 1047 2283 nostrae
1062 2217 1290 2305 indignationis
1304 2219 1364 2282 im·

407 2331 517 2402 petum
532 2319 743 2384 sustinebunt.
790 2320 904 2406 Neque
926 2319 1009 2384 enim
1028 2319 1078 2384 fas
1096 2332 1145 2385 est
1166 2332 1203 2385 ut
1221 2319 1267 2384 illi
1289 2341 1362 2406 par·

407 2431 510 2497 catur,
526 2420 582 2506 qui
598 2421 685 2484 Deos
703 2422 852 2486 habuerit
868 2422 1021 2486 inimicos.
1068 2421 1174 2486 Suade
1198 2420 1360 2508 siquidem

346 2522 348 2524 ’
407 2520 462 2597 eis,
473 2535 510 2586 ut
522 2524 547 2586 si
560 2544 629 2585 mea
641 2522 754 2586 volunt
766 2520 832 2585 frui
843 2522 991 2595 tuitione,
1003 2544 1111 2585 omnes
1121 2522 1216 2586 matri
1226 2523 1359 2585 deorum

407 2621 555 2686 studeant
577 2621 691 2686 offerre
710 2621 880 2686 culturam.
927 2623 1008 2684 Haec
1022 2620 1153 2706 quidem
1173 2621 1311 2707 scripsit,
1327 2634 1359 2687 et

406 2722 447 2786 ad
460 2722 700 2787 similitudinem
710 2721 1050 2799 ecclesioe‚daemonum
1059 2720 1178 2807 templa
1184 2720 1362 2800 constituit,

406 2836 438 2888 et
462 2823 605 2888 instituit
631 2818 791 2886 ministros
816 2824 849 2887 in
874 2822 1008 2888 diversis
1028 2823 1184 2909 gradibus
1198 2823 1239 2889 ad
1262 2825 1362 2889 instar

406 2927 603 3001 clericorum,
621 2938 657 2988 ut
669 2939 772 2989 essent
787 2926 843 3011 qui
853 2939 985 2991 caeteros
995 2924 1145 2991 docerent
1156 2926 1278 2991 cultum
1289 2948 1362 3013 per·

407 3027 504 3103 fidiae,
519 3041 551 3091 et
574 3025 766 3112 poenitentes
781 3041 853 3113 post
869 3020 1010 3114 culpam,
1027 3026 1199 3091 secundum
1216 3027 1362 3092 traditio-

408 3151 478 3192 nem
493 3129 760 3209 Christianorum,
772 3128 968 3193 correctione
980 3127 1131 3192 mediocri
1143 3128 1362 3193 reformarent.

408 3231 494 3295 Nihil
520 3246 626 3296 autem
643 3229 762 3316 quoda
782 3230 914 3316 paganis
933 3229 1185 3294 committeretur
1198 3230 1230 3293 in
1253 3229 1362 3306 Chris-

405 3346 487 3411 tum,
503 3354 632 3398 enorme
647 3332 824 3397 videbatur.
862 3332 953 3399 Adeo
969 3331 1110 3418 quidem,
1126 3345 1162 3395 ut
1179 3354 1235 3395 nec
1250 3332 1362 3397 saevire

407 3433 438 3498 in
454 3449 598 3500 mortuos
607 3435 817 3498 inhumanum
834 3446 891 3498 aut
903 3431 1032 3496 crudele
1044 3432 1176 3519 paganis
1188 3432 1364 3497 videretur.

406 3537 503 3601 Unde
527 3538 559 3601 in
584 3537 714 3602 civitate
740 3536 875 3602 Sebaste
895 3533 1053 3598 «Iohannis
1073 3533 1230 3620 Baptistae
1253 3534 1361 3621 sepul-

406 3633 1363 3724 chrumaperuerunt,igniquetradiderunt,ossaveroacpul-

408 3761 510 3803 rerem
528 3739 754 3823 disperserunt.
787 3738 820 3802 Si
832 3737 883 3801 rel
894 3737 1001 3823 capita
1011 3734 1207 3822 flagitiorum
1219 3739 1299 3825 ejus,
1311 3737 1361 3801 rel

407 3844 588 3905 summatim
604 3863 678 3928 quae
693 3860 750 3925 per
764 3839 867 3927 ipsum
892 3840 1014 3905 inorbo
1028 3838 1182 3904 adversus
1197 3838 1359 3903 ecclesiam

406 3957 590 4029 gestasunt,
602 3942 731 4007 voluero
737 3964 896 4018 enarrare,
907 3940 1018 4005 multis
1029 3940 1218 4023 magnisque
1225 3937 1360 4001 volumi-

407 4045 860 4131 nibustantaegebitmateria.
868 4045 932 4110 Sed
945 4041 1188 4128 progrediamur
1199 4037 1240 4101 ad
1252 4037 1362 4118 finem,

406 4169 503 4234 quem
520 4149 594 4235 pius
609 4148 776 4226 Galilaeus,
790 4148 989 4210 intemeratae
1005 4144 1137 4229 virginis
1152 4139 1247 4218 filius,
1261 4139 1362 4225 impio

406 4251 627 4336 persequutori
640 4274 708 4323 suo,
719 4253 758 4312 ad
772 4245 1017 4310 consolationem
1029 4242 1168 4307 ecclesiae
1180 4262 1258 4319 suae,
1272 4251 1305 4304 et
1319 4241 1361 4306 ad

403 4351 537 4436 gloriam
553 4350 738 4438 maJestatis,
748 4370 813 4434 qua
827 4345 910 4434 patri
925 4343 1096 4428 coaequalis
1111 4356 1143 4407 et
1155 4342 1362 4409 consubstan-
