3550 5467
409 746 472 803 nst
664 754 800 798 Jonnxrs
815 752 1122 799 snnssannrunsrs
1222 730 1300 815 [trs
1314 752 1369 797 un.

408 925 439 971 et
452 907 682 991 Epicureorum
699 903 931 989 quamplurimi
946 904 1142 969 traduntur
1158 903 1293 992 posteris
1304 904 1367 967 hans

408 1007 585 1094 publicasse
603 1008 801 1071 sententiam.
848 1007 986 1083 Fertur,
1006 1020 1154 1072 auctore
1182 1007 1367 1090 Hieronymo,

407 1106 554 1171 aureolus
590 1107 807 1192 Theophrasti
847 1104 931 1169 liber
970 1107 1018 1169 de
1059 1107 1212 1194 nuptiis:
1256 1106 1285 1169 in
1316 1126 1366 1190 quo

408 1210 534 1295 quaerit,
551 1232 590 1272 on
608 1210 655 1272 vir
671 1209 798 1293 sapiens
812 1209 911 1271 ducat
931 1232 1089 1273 uxorem.
1126 1212 1175 1274 Et
1192 1230 1291 1295 quum
1303 1205 1365 1269 din.

408 1314 515 1387 nisset,
539 1313 564 1374 si
588 1310 723 1395 pulchra
748 1325 840 1391 esset,
863 1311 888 1373 si
913 1310 1000 1374 bene
1026 1325 1176 1387 morata,
1201 1311 1227 1375 si
1251 1308 1364 1373 homnis

408 1414 595 1498 parentibus
609 1427 698 1493 orta3
721 1415 748 1477 si
763 1415 830 1497 ipse
850 1435 951 1476 sanus
968 1426 1003 1478 et
1021 1413 1134 1490 dives,
1152 1413 1201 1477 sic
1215 1412 1362 1497 sapientem

410 1514 582 1600 aliquando
604 1515 682 1578 inire
704 1513 956 1589 matrimonium,
981 1516 1102 1579 statim
1127 1514 1255 1579 intulit.
1300 1512 1363 1575 flas

409 1629 516 1679 autem
534 1638 605 1678 raro
619 1618 650 1678 in
667 1614 787 1700 nuptiis
809 1613 960 1676 universa
975 1617 1202 1680 concordant.
1249 1617 1316 1679 n'on
1328 1624 1362 1675 est

408 1717 509 1798 igitur
522 1741 602 1781 uxor
616 1716 760 1780 ducenda
772 1715 916 1799 sapienti.
957 1717 1114 1780 Primum
1132 1717 1222 1781 euim
1238 1713 1364 1801 impediri

409 1819 517 1882 studia
529 1819 748 1904 philosophia,
762 1839 817 1881 nec
829 1839 920 1903 posse
933 1840 1134 1904 quenquam
1145 1818 1239 1883 libris
1248 1830 1280 1879 ct
1289 1814 1363 1879 uxori

408 1922 527 2002 pariter
537 1921 698 1985 inservire.
739 1919 845 1983 Multa
855 1940 923 1981 csse
934 1941 1013 2002 quae
1025 1933 1257 1984 matronarum
1270 1918 1363 1981 usibus

408 2023 582 2085 necessaria
611 2023 693 2094 sint;
739 2021 884 2106 pretiosa>
916 2033 1034 2096 vestes,
1066 2044 1206 2099 aurum,
1234 2042 1362 2105 gemma,

407 2137 569 2206 sumptus,
590 2123 725 2202 ancillae,
748 2121 891 2208 supellex
915 2121 1017 2201 varia,
1040 2120 1183 2202 lecticae,
1206 2137 1241 2187 et
1261 2120 1363 2186 exedra

406 2224 571 2288 deaurata.
616 2224 741 2287 Deinde
765 2247 821 2309 per
838 2240 922 2287 totas
938 2238 1049 2288 noctes
1064 2224 1216 2308 parrulae
1230 2244 1364 2310 conquas

407 2325 521 2389 tiones.
553 2325 612 2388 llla
626 2325 767 2387 ornatior
782 2325 928 2410 procedit
946 2326 979 2388 in
996 2324 1187 2411 publicum,
1200 2326 1272 2391 haec
1282 2326 1363 2389 hono

407 2439 496 2488 ratur
512 2426 553 2489 ab
568 2426 728 2501 omnibus,
742 2449 802 2510 ogo
816 2426 847 2487 in
861 2441 1025 2489 conventu
1043 2424 1243 2490 feminarum
1259 2423 1364 2490 misella

406 2525 573 2612 despicior.
618 2530 686 2592 Cur
708 2527 882 2613 aspiciebas
905 2528 1067 2591 ricinum?
1106 2530 1199 2606 Quin
1225 2552 1297 2594 cunt
1316 2548 1363 2591 an·

408 2630 517 2693 cillula
542 2630 742 2716 loquebaris?
782 2632 831 2692 De
853 2628 923 2690 l'oro
948 2629 1077 2692 veniens
1100 2630 1184 2715 quid
1210 2630 1361 2695 attulisti?

409 2734 483 2795 Nou
503 2732 640 2796 amicum
660 2731 776 2793 habere
799 2750 979 2815 possumus,
996 2751 1060 2793 non
1082 2731 1241 2797 sodalem
1284 2732 1361 2797 Alte·

409 2834 477 2896 rius
492 2855 642 2909 amorem,
655 2853 747 2895 suum
764 2830 872 2894 odium
886 2833 1078 2914 suspicatur.
1122 2831 1156 2895 Si
1169 2831 1364 2896 doctissimus

409 2949 587 3021 praeceptor
615 2935 647 2996 in
677 2931 819 3020 qualibet
851 2930 979 2995 urbium
1011 2933 1124 3009 fuerit,
1151 2956 1212 2997 nec
1240 2952 1361 2998 uxorem

411 3037 599 3123 relinquere,
616 3060 671 3101 nec
686 3059 758 3101 cum
775 3036 896 3099 sarcina
911 3033 957 3097 ire
972 3057 1155 3120 possumus.
1190 3038 1362 3121 Pauperenr

408 3137 492 3203 alere
506 3138 632 3203 difficile
654 3153 722 3211 est;
745 3138 875 3202 divitem
896 3137 991 3213 ferre,
1008 3151 1222 3203 tormentum.
1267 3136 1365 3213 Adde,

409 3242 499 3326 quod
521 3241 608 3305 nulla
629 3258 676 3306 est
698 3243 807 3307 uxoris
828 3239 952 3315 electio,
972 3239 1028 3302 sed
1053 3237 1292 3327 qualiscunque
1312 3238 1365 3303 ob·

408 3345 528 3407 venerit
546 3343 702 3418 habenda,
718 3342 743 3405 si
767 3341 930 3416 iracunda,
946 3340 972 3403 si
993 3340 1097 3420 fatua,
1111 3343 1142 3405 si
1160 3340 1363 3418 deformiasi

410 3446 559 3529 superba,
576 3446 600 3508 si
617 3445 740 3519 loetirla,
757 3445 971 3531 quodcunque
987 3444 1058 3509 vitii
1073 3457 1133 3521 est,
1149 3459 1224 3530 post
1242 3444 1365 3531 nuptias

408 3545 570 3608 discimus.
621 3548 747 3631 Equus,
775 3547 894 3620 asinus,
924 3546 993 3624 bos,
1022 3547 1121 3623 canis,
1152 3561 1186 3611 et
1218 3546 1364 3611 vilissima

409 3645 576 3729 mancipia,
601 3662 703 3710 restes
724 3670 854 3733 quoque
877 3665 910 3713 et
934 3648 1063 3725 lebetes,
1086 3648 1186 3712 sedile
1214 3648 1362 3733 lignenm,

408 3744 489 3808 calix
506 3762 537 3808 et
555 3747 700 3810 urceolus
715 3748 821 3811 fictilis
836 3751 1013 3836 probantur
1030 3749 1130 3835 prius,
1146 3765 1180 3816 ct
1197 3753 1244 3815 sic
1259 3773 1364 3815 emun-

410 3863 472 3911 tur.
498 3848 571 3912 Sola
584 3872 664 3913 uxor
677 3872 737 3913 non
750 3852 985 3931 ostenditur,ue
994 3866 1068 3915 ante
1081 3853 1363 3940 displiceat,qunrn

410 3952 559 4015 (lucatur.
606 3953 814 4018 Attendenrla
833 3969 881 4017 est
898 3975 1021 4037 semper
1035 3955 1107 4039 ejus
1121 3955 1233 4034 facies,
1250 3971 1282 4021 et
1299 3952 1365 4041 pul·

409 4054 557 4119 chritudo
573 4053 744 4132 laudanda,
754 4079 804 4131 ne,
817 4056 841 4119 si
854 4055 984 4119 alteram
997 4056 1173 4139 aspexeris,
1187 4084 1220 4122 sc
1232 4060 1362 4124 aestiuret

409 4157 586 4241 displicere.
647 4158 796 4220 l'ocanrla
829 4157 968 4230 domina,
1005 4152 1223 4224 celebrandus
1259 4160 1366 4225 natalis

408 4260 488 4339 cius,
512 4260 681 4339 jurandum
710 4280 766 4340 per
793 4257 926 4321 salutem
952 4255 1049 4332 illins,
1074 4273 1108 4320 ut
1136 4261 1178 4324 sit
1207 4277 1365 4350 superstes

409 4360 599 4446 optantium,
614 4359 797 4422 honoranda
812 4362 919 4422 nutrix
942 4359 1011 4443 ejus
1026 4372 1059 4419 et
1076 4363 1203 4439 gerula.
1253 4368 1367 4431 Servus
