3550 5467
408 768 477 816 err.
493 754 588 832 rura]
766 772 1019 820 murcalrrcus.
1303 766 1360 828 lat

406 921 477 1004 quia
500 924 687 1003 argutiam
710 922 958 1007 philosophandi
980 926 1162 1008 ingreditur,
1185 929 1226 993 ad
1249 932 1364 994 ortium

406 1022 516 1103 gaure
531 1023 603 1106 ejus
618 1023 781 1088 humiliter
794 1025 911 1108 pulaet,
930 1026 963 1088 iu
979 1027 1073 1110 cujus
1087 1048 1182 1092 manu
1200 1031 1282 1093 liber
1295 1052 1363 1095 om-

405 1121 496 1185 nium
519 1123 726 1187 sciendorum
749 1137 809 1201 eat,
831 1144 927 1208 quem
943 1129 1029 1191 aolus
1049 1129 1150 1212 aperit
1173 1151 1285 1212 eguus,
1308 1135 1363 1217 qui

405 1223 536 1286 occisus
557 1236 618 1302 eet,
639 1237 675 1288 ut
696 1224 737 1287 ad
760 1226 843 1287 riam
865 1227 1031 1308 sapientiae
1052 1238 1086 1291 et
1101 1248 1183 1292 verae
1202 1231 1363 1297 felicitatis

405 1343 533 1386 terrum
554 1323 720 1388 reduceret
741 1327 948 1389 aberrantem.
995 1329 1123 1393 Frustra
1144 1331 1216 1414 quie
1238 1334 1300 1396 eibi
1321 1332 1363 1397 dc

406 1423 585 1506 capacitate
599 1424 730 1506 ingenii,
742 1426 783 1490 de
800 1428 961 1490 memoria
974 1429 1157 1508 tenacitate,
1168 1431 1208 1494 de
1225 1433 1360 1498 assidui-

409 1533 474 1587 tate
487 1522 598 1600 etudii,
613 1522 654 1587 de
668 1524 788 1606 liuguae
804 1527 1002 1591 volubilitate
1017 1530 1188 1594 blanditur.
1234 1532 1318 1605 Quia
1333 1536 1359 1596 ti

408 1626 478 1690 hare
509 1626 543 1688 iu
567 1628 654 1689 invio
683 1629 810 1707 fuerint,
832 1650 898 1711 quo
926 1631 1105 1695 efficaciora
1134 1633 1291 1710 videntur,
1322 1655 1360 1697 eo

408 1727 536 1808 lougius
565 1727 766 1792 aberrabunt.
813 1731 898 1792 Nam
932 1744 964 1793 et
992 1751 1094 1814 equus
1123 1754 1188 1815 quo
1218 1735 1359 1797 velocius

407 1829 544 1905 aberrat,
565 1846 605 1889 eo
627 1828 748 1893 tardius
770 1829 914 1907 domum,
936 1831 1083 1914 quiaquia
1105 1831 1234 1909 inuidet,
1264 1832 1357 1897 redit.

408 1926 469 1989 Ert
483 1937 591 1990 autem
605 1928 777 1991 humilitati
800 1929 976 2013 conjuncta
993 1930 1190 2011 simplicitas,
1212 1951 1277 2014 qua
1295 1931 1360 1995 dia·

408 2027 551 2091 cautium
559 2028 768 2110 intelligentia
776 2031 947 2112 plurimum
960 2031 1137 2114 adjuratur.
1184 2031 1359 2097 Humilitae

409 2128 495 2191 enim
510 2128 573 2205 hia,
588 2148 661 2211 quo
683 2130 866 2193 scribuntur
880 2150 900 2194 a
914 2129 1110 2210 doctoribus,
1124 2133 1310 2216 acquiescit,
1326 2144 1358 2197 ct

408 2229 608 2313 simplicitae,
630 2231 658 2292 ei
681 2248 745 2314 qua
767 2251 860 2294 sacua
882 2252 920 2294 ac
944 2233 1084 2316 oportuit
1097 2233 1185 2297 dicta
1200 2234 1358 2312 videntur,

406 2331 440 2394 in
464 2340 587 2415 partem
609 2331 785 2409 meliorem,
807 2330 884 2394 fidei
910 2332 1168 2415 interpretatione
1189 2345 1357 2419 retorquet.

410 2432 546 2515 ineptus
561 2431 647 2494 euim
663 2441 723 2508 eat,
737 2431 793 2514 qui
808 2432 1012 2514 aeripurrie,a
1024 2434 1140 2517 quibua
1155 2433 1358 2498 instruendus

407 2542 466 2606 eet,
489 2530 614 2613 appetit
634 2527 799 2604 dominari,
822 2540 854 2592 et
875 2531 1035 2614 captitaro
1057 2551 1152 2595 eeueu
1174 2553 1294 2609 earum,
1316 2534 1358 2596 ad

407 2630 606 2693 intellectum
636 2648 728 2691 auum
758 2648 813 2691 eae
841 2627 952 2692 nititur
980 2629 1103 2692 trahere
1132 2640 1355 2713 repugnantes.

405 2731 491 2792 Nam
519 2729 555 2791 in
585 2728 636 2791 hia
664 2748 815 2811 quarere,
838 2727 926 2813 quud
947 2749 1013 2799 nou
1035 2729 1164 2805 habent,
1190 2729 1354 2810 proprium

405 2847 535 2894 tenmm
544 2828 706 2890 obstruere
721 2839 780 2904 eat,
791 2848 857 2890 non
866 2826 1031 2889 addiscere
1044 2827 1192 2889 alienum.
1239 2827 1356 2888 Nonne

405 2941 438 2995 et
470 2927 702 3011 diacipulorum
737 2927 822 2991 oculi
857 2928 1057 3000 tenebantur,
1087 2946 1127 2988 ne
1156 2924 1367 3009 sapientiam,

406 3048 480 3114 quo
501 3046 559 3090 eoa
580 3027 790 3089 comitabatur
811 3046 855 3088 ex
876 3025 987 3088 ardore
1010 3024 1242 3105 agnoscerent?
1273 3024 1358 3096 Quia

407 3127 490 3193 tardi
515 3137 606 3189 eraut
629 3125 671 3188 ad
696 3123 940 3204 intelligendum
966 3144 1037 3207 qua
1059 3123 1224 3208 prophete
1243 3125 1356 3207 luque-

406 3230 532 3305 bantur‚
555 3237 733 3309 quarentes
756 3223 843 3308 quod
866 3224 976 3287 aberat
995 3242 1015 3286 a
1036 3223 1196 3285 mentihua
1219 3221 1356 3304 prophe·

406 3338 520 3402 tuum,
540 3334 574 3387 ct
594 3345 659 3386 uon
682 3321 891 3387 adtendentes
920 3321 1081 3386 Christum
1104 3320 1160 3404 qui
1182 3321 1303 3385 latebat
1323 3321 1357 3384 in

406 3424 522 3491 litera?
546 3424 611 3488 Sed
636 3425 712 3508 quia
734 3424 874 3487 caritatis
897 3422 1022 3486 ardenti
1043 3420 1148 3485 studio
1163 3423 1357 3505 quaerebant,

406 3525 494 3610 quod
515 3525 647 3601 latebat,
668 3524 826 3605 rapientia
854 3543 927 3606 quae
956 3523 1157 3606 querebatur
1184 3520 1296 3600 adfuit,
1324 3537 1357 3587 et

406 3626 531 3711 aparuit
556 3625 668 3688 oculos
695 3645 814 3701 eomm,
837 3636 873 3688 ut
894 3625 1106 3707 intelligerent
1127 3622 1309 3707 scripturae,
1323 3634 1358 3687 et

408 3748 509 3805 mam,
525 3725 595 3788 vieo
610 3725 763 3804 Domino,
778 3738 945 3806 arguerent
965 3724 1152 3789 tarditatem.
1198 3724 1252 3789 Sic
1269 3727 1354 3788 enim

406 3828 538 3911 prodest
559 3825 723 3909 quarendi
754 3825 905 3902 etodium,
927 3827 954 3889 ei
976 3824 1110 3889 aviditas
1138 3825 1210 3907 ipea
1231 3824 1354 3888 sciendi

406 3932 557 3994 uferatur
567 3927 609 3989 ad
621 3927 795 3992 Christum.
840 3926 905 3991 Sed
916 3948 977 3990 nec
990 3926 1072 4009 ipae,
1083 3924 1147 3988 nisi
1158 3925 1354 3989 infractione

405 4033 497 4116 panio
510 4033 705 4113 agnoscitur,
714 4031 788 4114 quia
803 4052 893 4096 meus
905 4030 1141 4113 scripturarum,
1156 4027 1217 4090 niei
1227 4028 1355 4090 resectio

406 4129 483 4194 fidei
504 4142 561 4194 aut
582 4151 704 4193 morum
728 4129 820 4193 detur
840 4130 966 4202 anima,
989 4128 1120 4191 omniuo
1143 4146 1210 4189 non
1225 4125 1355 4187 videtur.

407 4231 561 4316 Quicquie
576 4231 661 4294 euim
677 4230 718 4294 ad
739 4231 933 4314 voluptatem
949 4249 1038 4292 ruam
1053 4225 1173 4308 ingenii
1188 4233 1244 4286 aut
1258 4221 1355 4284 rtudii

408 4331 537 4410 viribus,
567 4332 792 4414 scripturarum
818 4331 1033 4410 integritatem
1054 4326 1209 4397 adtentat,
1227 4321 1358 4402 quasia

857 4446 880 4490 R
895 4433 914 4488 2
