3550 5467
404 747 474 793 cue.
490 730 616 809 xviia]
773 748 1029 795 eosrcusrruus.
1314 735 1370 792 151

406 897 501 961 nibus
524 911 556 962 et
574 900 661 962 omui
684 899 892 984 promotionis
915 923 970 984 spe
990 911 1168 978 arceantur,
1182 898 1238 984 qui
1262 898 1369 980 cuius·

404 997 480 1062 libet
502 999 660 1063 secularis
676 1000 773 1064 curiae
792 1015 902 1066 emunt
917 1000 1030 1077 officia,
1046 1015 1101 1064 aut
1125 1002 1181 1086 qui
1205 999 1295 1072 viles,
1311 1012 1368 1064 aut

405 1099 536 1162 serviles
565 1102 852 1166 obsecundationes
881 1103 1080 1189 principibus
1114 1114 1278 1189 praestant,
1309 1115 1365 1166 aut

405 1224 545 1287 quorum
574 1202 690 1268 electio
715 1227 777 1268 non
805 1218 852 1270 est
876 1227 896 1269 a
917 1205 1002 1270 clero
1027 1205 1058 1270 in
1082 1205 1223 1279 ecclesia,
1246 1218 1277 1269 et
1300 1204 1367 1268 sine

405 1304 691 1388 praenominatione
711 1309 869 1394 cujusque
892 1308 1062 1372 mundanae
1086 1306 1251 1394 potestatis
1273 1330 1365 1371 cano-

404 1407 474 1468 nica
489 1405 669 1472 celebrata:
699 1432 791 1493 quos,
808 1410 832 1472 si
849 1409 941 1474 aliter
957 1409 1046 1474 electi
1058 1410 1187 1484 fuerint,
1205 1409 1265 1472 sub
1282 1412 1363 1495 peri-

405 1505 476 1570 culo
492 1509 706 1572 anathematis
728 1509 914 1575 universalis
936 1510 1066 1574 ecclesia
1088 1511 1237 1596 prohibet
1259 1534 1365 1574 conse-

406 1612 498 1672 crari.
538 1610 634 1673 Unus
649 1611 827 1698 principum
845 1628 1039 1688 nostrorum,
1057 1613 1192 1676 nominis
1207 1610 1362 1698 siquidem

407 1710 575 1775 immemor
590 1736 672 1792 sum,
683 1714 715 1776 iu
732 1738 828 1778 causa
840 1714 932 1778 simili
949 1713 1112 1799 egregium
1128 1714 1250 1778 facinus
1264 1715 1365 1798 egisse

407 1829 616 1878 memoratur.
649 1815 807 1881 Henricus
821 1816 885 1880 suit
904 1839 943 1879 un
962 1815 1133 1891 Robertus,
1150 1839 1211 1880 non
1228 1815 1364 1880 multum

407 1914 516 1978 refert.
547 1917 653 1993 Quum
669 1915 858 1981 ambitiosus
874 1917 1004 2004 quidam
1022 1918 1194 1981 monachus
1209 1917 1248 1981 ad
1270 1917 1366 1980 abba·

410 2016 500 2093 tiam‚
524 2040 621 2103 quam
646 2032 843 2103 praeemerat,
859 2031 1036 2095 vocaretur,
1052 2031 1083 2082 et
1105 2019 1158 2081 ille
1181 2017 1365 2084 modestiam

409 2117 573 2199 simulans,
590 2133 625 2184 ut
648 2121 773 2185 avidius
794 2135 968 2207 peteretur,
989 2143 1069 2185 onus
1091 2121 1262 2207 refugeret,
1278 2143 1368 2184 recu·

410 2238 493 2287 saret
509 2223 673 2297 honorem,
688 2237 719 2288 et
740 2246 773 2287 se
787 2224 891 2310 palam
916 2238 1012 2290 tantae
1029 2225 1072 2288 rei
1096 2225 1248 2289 fateretur
1264 2222 1367 2308 indig-

412 2347 504 2389 num:
523 2333 546 2362 “
557 2325 683 2403 Plane,”
695 2327 800 2412 inquit
810 2327 1152 2414 princeps‚“indignus
1162 2326 1366 2413 eS,quiaeam

410 2426 503 2506 clam,
519 2427 595 2491 data
610 2428 688 2492 mibi
705 2441 793 2492 tanta
808 2431 943 2514 pecunia
956 2432 1187 2515 (summamque
1199 2426 1367 2513 expressit)

411 2530 526 2595 emisti.
575 2531 635 2595 Sed
663 2532 923 2618 quandoquidem
952 2556 1009 2618 per
1037 2556 1088 2596 me
1114 2554 1174 2595 non
1203 2540 1276 2607 stat,
1302 2552 1369 2615 quo

412 2633 518 2696 minus
541 2634 647 2719 pactio
669 2635 850 2720 impleatur,
873 2634 1008 2699 liberum
1034 2659 1082 2698 me
1109 2633 1219 2699 haberi
1241 2633 1367 2716 justum

412 2748 471 2808 est,
487 2745 521 2796 et
538 2747 572 2796 tu
589 2731 719 2795 domum
737 2733 861 2806 redeas;
885 2734 988 2820 etqui
1006 2733 1123 2816 diguus
1138 2731 1369 2810 est,destitutoe

412 2833 608 2920 praeliciatur
622 2833 788 2899 ecclesiae.''
825 2834 887 2900 Sed
910 2856 992 2898 nunc
1012 2834 1105 2918 longe
1124 2832 1214 2896 aliter
1229 2832 1369 2897 succedit

413 2934 591 3000 excusatori
601 2932 778 2998 ambitioso.
804 2933 1207 3019 Haecenim‚etaliaquam
1219 2933 1369 3018 plurima,

413 3036 620 3122 multiplicat,
633 3051 670 3101 ut
685 3037 835 3101 credatur
851 3036 934 3100 nolle
945 3036 1032 3122 quod
1049 3034 1182 3120 appetit,
1193 3048 1225 3098 et
1241 3034 1368 3098 tandem

413 3141 514 3224 gratis
538 3139 690 3224 accipere,
713 3140 801 3223 quod
828 3138 983 3224 prreemit.
1021 3137 1118 3200 Unde
1145 3149 1295 3222 tanquam
1323 3135 1370 3199 vir

414 3242 579 3306 modestiae
591 3241 761 3326 singularis
776 3241 914 3326 capitur,
927 3240 1074 3318 trabitur,
1086 3254 1117 3304 et
1132 3238 1170 3304 ad
1188 3237 1371 3302 cathedram

415 3340 687 3407 conclamantibus
713 3341 827 3415 turbis,
854 3338 1094 3404 concinentibus
1123 3340 1239 3418 choris,
1264 3339 1372 3403 multi-

417 3442 530 3506 tudine
549 3463 675 3527 pressus
690 3440 871 3504 deducitur,
914 3441 982 3503 Nec
997 3442 1123 3525 prodest
1139 3441 1371 3525 ignobilitatem

418 3544 625 3630 praetendisse
640 3543 754 3618 carnis,
770 3557 826 3606 aut
842 3544 1017 3627 sauguinis,
1033 3567 1070 3607 eo
1085 3545 1175 3630 quod
1189 3544 1371 3630 imperatori

416 3670 477 3711 nou
494 3645 654 3733 quaeritur
669 3668 839 3722 successor,
855 3646 914 3709 sed·
924 3647 1092 3731 piscatori;
1117 3648 1199 3710 fabri
1216 3647 1293 3725 filio,
1309 3669 1371 3711 non

419 3751 579 3835 Augusto
611 3747 781 3812 Scientiam
797 3762 944 3812 accurata
956 3749 1119 3813 excusatio
1130 3749 1249 3835 prodit,
1258 3764 1291 3814 et
1302 3751 1373 3814 reli·

417 3853 526 3935 giosus
541 3873 608 3913 esse
619 3850 819 3913 convincitur
829 3873 868 3913 ex
880 3874 928 3926 eo,
940 3851 1031 3935 quod
1040 3852 1195 3915 invitatus
1206 3852 1373 3917 ascendere

418 3953 541 4018 diutius
551 3951 723 4022 recusarit;
750 3951 986 4016 visusestenim
1004 3953 1217 4039 uoluisse,qui
1234 3954 1373 4019 distulit.

419 4049 1294 4138 Quaeverodecanonibussibiopposuit‚habitarationo
1305 4055 1375 4133 loci,

417 4158 580 4242 temporis,
592 4166 625 4217 et
637 4175 791 4237 persona,
801 4155 896 4218 simili
911 4156 960 4218 via
978 4156 1176 4219 tendentium
1189 4153 1229 4217 ad
1243 4155 1376 4218 honores

415 4259 496 4321 socia
527 4255 704 4321 multitudo
733 4256 907 4341 dispensat.
954 4260 987 4321 Si
1014 4256 1054 4319 dc
1080 4254 1292 4342 praesentibus
1318 4256 1377 4319 niti

415 4372 591 4449 nequeunt,
612 4374 668 4422 aut
692 4358 872 4443 praeteritis
898 4359 1046 4422 futurum
1072 4357 1284 4420 vaticinantur·
1306 4378 1380 4441 pro.
