3550 5467
407 749 471 808 938
665 759 801 804 sossius
817 757 1102 803 sansssnmcums
1193 743 1275 817 [ms.
1290 760 1349 803 viu.

406 934 480 978 cum
501 911 629 975 tibicine
648 910 821 974 introferri.
859 909 1010 992 Longum
1030 909 1094 973 erit
1115 910 1143 972 si
1165 910 1270 972 omnia
1289 930 1351 994 qua

407 1013 493 1098 leges
507 1013 641 1077 cibarias
661 1010 869 1090 induxerunt,
891 1011 940 1075 vel
955 1034 976 1074 a
995 1011 1128 1076 cibariis
1151 1011 1276 1097 legibus
1290 1028 1350 1075 nata

407 1129 494 1191 sunt,
524 1114 654 1178 voluero
683 1135 850 1187 enarrare;
887 1136 989 1201 quum
1021 1137 1079 1177 nec
1110 1113 1212 1179 luxus
1242 1138 1350 1179 momn

407 1239 549 1281 sermone
570 1220 674 1281 valeat
694 1215 931 1301 comprehendi,
945 1228 977 1278 et
1000 1215 1065 1279 sint
1086 1215 1231 1302 plurima
1251 1216 1351 1280 seculo

407 1332 516 1383 nostro
537 1317 708 1403 incognita,
731 1340 806 1403 quoe
829 1316 875 1381 illi
899 1316 947 1381 vel
972 1318 1079 1381 verbis
1104 1319 1293 1403 exprimere,
1313 1317 1352 1381 vel

407 1442 552 1485 exercere
567 1419 709 1482 moribus
723 1431 908 1505 potuerunt.
953 1419 1045 1483 Sicut
1061 1419 1148 1483 enim

514 1538 616 1597 Grecis
627 1535 797 1608 osptsferum
808 1537 930 1588 rictorem
942 1536 1146 1606 sepit,etartes

515 1623 609 1677 lntulit
620 1623 719 1690 agresti
731 1623 818 1683 Latio,

410 1731 454 1796 sic
475 1729 616 1794 omnium
641 1727 781 1812 gentium
804 1749 908 1791 mores
928 1726 1057 1790 boniet
1083 1727 1161 1790 mali
1186 1728 1353 1790 &manum

411 1831 561 1894 victorem
577 1833 734 1915 persecuti
751 1840 834 1892 sunt.
881 1826 1046 1913 Siquidem
1063 1828 1210 1905 numina,
1226 1827 1289 1891 imo
1300 1829 1356 1892 de„

411 1935 517 1998 monia
529 1934 687 2018 gentium,
697 1931 946 2018 superstitiosius
961 1953 1057 2016 quam
1075 1929 1258 2017 religiosius
1270 1933 1355 1996 advo-

409 2036 536 2109 cabant,
554 2057 766 2120 magnamque
784 2033 843 2097 sibi
860 2032 918 2096 visi
938 2046 1013 2096 suut
1028 2033 1158 2118 assequi
1174 2032 1357 2119 religionem,

409 2141 487 2222 quia
499 2137 618 2199 nullam
631 2148 817 2222 respuerant
829 2134 1009 2198 falsitatem.
1041 2138 1131 2199 Deos
1144 2136 1357 2199 tutelaresnon

410 2251 474 2301 tam
490 2238 662 2323 pio,quam
678 2237 778 2322 impio
791 2235 1053 2314 cultu‚omnibus
1069 2236 1314 2311 subtrahebant,
1328 2253 1358 2301 ut

408 2361 516 2402 omnes
538 2339 571 2401 in
587 2360 651 2400 una
674 2337 753 2401 urbe
768 2338 906 2415 collecti,
922 2338 953 2401 in
976 2337 1062 2402 illius
1076 2339 1226 2403 custodia
1243 2340 1359 2425 jugiter

410 2438 587 2524 vigilarent.
633 2439 686 2501 Sic
715 2453 748 2502 et
778 2461 852 2524 quae
882 2439 1003 2525 ubique
1032 2439 1178 2504 locorum
1212 2439 1360 2526 placuisse

410 2540 587 2617 audierant,
602 2541 635 2603 in
652 2540 762 2603 urbem
780 2543 982 2625 trajecerunt,
993 2555 1029 2604 ut
1044 2555 1127 2605 esset
1142 2542 1229 2605 unde
1240 2556 1360 2626 possent

409 2644 545 2728 gratiam
560 2642 701 2706 omnium
718 2643 750 2705 in
765 2664 810 2716 se,
826 2656 859 2706 et
873 2639 1007 2728 gloriam
1026 2665 1211 2727 provocare.
1259 2643 1362 2708 Simile

409 2745 533 2830 aliquid
563 2744 673 2808 fecisse
698 2743 786 2806 visus
814 2756 863 2807 est
894 2766 950 2806 rex
973 2743 1154 2828 Anglorum
1184 2744 1362 2808 Willelmus

410 2847 543 2931 primus,
557 2847 652 2931 cnjus
667 2844 779 2909 virtuti
796 2843 992 2908 Normannia
1008 2845 1235 2922 Cenomannis,
1250 2863 1282 2909 et
1298 2861 1362 2910 tan·

410 2946 483 3011 dem
498 2948 599 3033 major
611 2945 776 3010 Britannia
786 2944 890 3009 cessit.
929 2947 1109 3031 Assumpto
1123 2969 1265 3035 namque
1279 2947 1362 3033 regni

410 3048 600 3125 diademate,
608 3061 641 3112 et
652 3070 729 3134 pace
743 3046 929 3132 composita,
943 3045 1066 3130 legatos
1082 3047 1169 3112 misit
1184 3049 1226 3113 ad
1241 3064 1362 3114 exteras

410 3150 564 3226 nationes,
594 3164 630 3213 ut
660 3171 680 3212 a
693 3147 853 3234 preclaris
873 3151 1015 3212 omnium
1037 3148 1189 3214 domibus
1211 3150 1362 3237 quioquid

409 3251 455 3316 eis
484 3251 687 3335 magnificum
709 3262 767 3312 aut
796 3247 966 3311 mirificum
998 3248 1175 3325 videretur,
1206 3250 1363 3316 afferrent.

409 3349 556 3415 Defluxit
571 3372 648 3433 ergo
663 3349 694 3411 in
711 3345 847 3411 insulam
866 3346 1064 3431 opulentam,
1079 3364 1111 3412 et
1128 3350 1286 3436 quaesere
1301 3351 1363 3415 sola

409 3451 500 3515 bonis
521 3452 587 3514 suis
615 3463 663 3514 est
691 3450 723 3513 in
746 3451 822 3514 orbe
851 3464 1010 3529 contenta,
1035 3449 1193 3535 quioquid
1223 3452 1363 3538 magnifi-

408 3553 532 3629 centiae,
543 3553 608 3614 imo
620 3551 756 3615 lusurioe
768 3551 873 3636 potuit
883 3551 1028 3616 inveniri.
1044 3551 1222 3617 laudabile
1233 3555 1360 3640 quidem

407 3652 469 3716 fuit
485 3655 593 3735 magni
604 3652 663 3714 viri
680 3652 894 3736 propositum,
906 3653 961 3738 qui
978 3653 1114 3717 virtutes
1124 3656 1285 3730 omnium,
1296 3655 1361 3721 orbi

408 3776 467 3816 suo
481 3751 606 3816 volebat
618 3752 793 3818 infundere.
827 3755 891 3818 Sed
902 3756 933 3817 in
950 3777 987 3818 eo
997 3755 1156 3820 arbitratu
1169 3755 1362 3821 laudabilius

407 3854 575 3929 extitisset,
591 3852 663 3916 siin
681 3868 821 3938 gentem,
835 3878 932 3943 quam
953 3855 1049 3919 armis
1065 3857 1197 3934 vicerat,
1220 3874 1255 3924 et
1269 3881 1360 3946 quam

407 3956 544 4020 luxuriae
567 3955 750 4042 praevicerat
781 3958 981 4042 magnitudo,
1012 3956 1114 4042 legem
1145 3960 1361 4046 temperantia

407 4057 648 4145 promulgasset.
692 4059 775 4122 Sane
795 4059 993 4124 fructuosius
1015 4074 1109 4136 esset,
1125 4083 1195 4124 eam
1218 4067 1362 4127 roborare

408 4160 506 4225 verbo
526 4172 558 4224 et
573 4181 679 4245 opere,
702 4181 797 4243 quam
814 4159 998 4224 lasciviendi
1020 4160 1061 4223 ab
1076 4161 1269 4225 auctoritate
1286 4161 1362 4225 mul·

406 4275 513 4325 torum
544 4280 796 4344 magnorumque
825 4280 1002 4345 propagare
1031 4259 1211 4324 audaciam.
1268 4264 1361 4326 Secus

406 4365 509 4446 egisse
529 4364 567 4427 C.
586 4358 744 4423 Cesaram
763 4382 841 4444 pace
861 4359 934 4422 urbi
955 4359 1140 4436 reformata,
1163 4361 1262 4425 refert
1290 4366 1362 4426 Por·
