3550 5467
423 737 483 796 1³0
675 749 812 796 rourum
826 747 1108 797 messianus
1214 733 1299 814 [rra.
1314 754 1367 801 ru.

419 903 483 965 sint
504 914 568 964 tres
589 901 882 984 philosophantium
905 913 1013 981 secte,
1033 924 1108 986 quse
1130 913 1164 966 et
1185 902 1267 986 ipse
1288 907 1366 970 scin·

419 1002 537 1066 duntur
561 1002 595 1064 in
622 1003 752 1066 semitas
778 1003 905 1078 multas,
927 1022 1052 1079 omnes,
1072 1003 1136 1068 etsi
1162 1003 1366 1083 dissimiliter,

418 1104 565 1167 laborent
592 1115 698 1167 tamen
727 1103 930 1186 assequendo
958 1103 1057 1168 finem
1090 1124 1192 1188 quem
1220 1115 1367 1170 sumunt

418 1202 585 1287 Siquidem
614 1202 778 1285 Epicurus
805 1212 839 1265 et
867 1213 953 1266 totns
984 1224 1064 1284 grex
1093 1202 1259 1269 sodaliu-
1288 1204 1364 1289 ejus,

418 1305 515 1367 vitam
531 1306 656 1367 bestam
679 1302 891 1387 asseritque
913 1314 1003 1367 tanta
1022 1325 1147 1387 semper
1164 1305 1367 1389 jucunditate

416 1407 552 1483 letatur,
567 1417 603 1469 nt
616 1405 751 1468 tristitiae
770 1415 803 1467 et
823 1405 1071 1487 perturbationis
1091 1425 1159 1469 non
1181 1406 1367 1471 interveniat

418 1508 468 1570 vel
483 1506 587 1570 tenuis
601 1516 717 1568 motus.
762 1505 845 1567 Vera
860 1503 990 1586 quidem
1011 1503 1161 1568 definitio
1177 1515 1240 1583 est,
1253 1519 1288 1570 et
1308 1528 1367 1591 qus

416 1604 498 1670 nibil
513 1618 705 1690 potestesse
720 1605 896 1670 rotundius.
933 1607 984 1669 Ab
999 1626 1038 1668 ea
1053 1619 1162 1669 temen
1178 1607 1284 1689 plebs,
1298 1629 1366 1692 qus

417 1731 492 1773 eum
520 1705 673 1792 sequitur,
703 1707 836 1770 deflexit
864 1707 899 1769 in
929 1708 1123 1790 voluptates,
1152 1719 1309 1792 reputans
1334 1730 1366 1773 se

417 1832 524 1875 earum
539 1832 600 1874 usu
618 1810 835 1873 beatissimam
861 1829 933 1872 esse
955 1809 1104 1872 futuram.
1149 1809 1240 1873 Mihi
1264 1819 1367 1874 umen

416 1910 599 1994 persuaderi
614 1909 727 1992 nequit
741 1909 802 1971 hoc
819 1908 958 1991 eliquem
973 1908 1119 1972 hausisse
1141 1909 1184 1973 dc
1198 1909 1289 1975 fonte
1311 1910 1365 1974 So

416 2012 548 2087 cretico,
570 2011 628 2092 qui
653 2020 774 2073 tantam
796 2031 920 2073 morum
946 2009 1057 2074 docuit
1082 2011 1270 2093 puritatem,
1290 2022 1366 2077 uta

414 2114 551 2194 posteris
566 2111 705 2176 creditus
727 2113 778 2190 sit,
794 2133 858 2174 non
883 2113 1059 2174 humanum
1081 2112 1193 2189 modo,
1207 2112 1266 2176 sed
1289 2113 1364 2177 diri·

414 2236 490 2277 num
506 2215 651 2298 spiritum
667 2215 827 2278 habuisse.
871 2213 939 2277 Sed
953 2212 1032 2297 quia
1045 2214 1139 2277 facile
1154 2225 1206 2278 est
1227 2235 1304 2279 aure
1318 2216 1363 2279 vel

414 2333 468 2375 ore
482 2313 713 2396 insipientium,
728 2312 814 2376 dicta
829 2313 952 2395 optima
967 2312 1144 2395 depravari,
1157 2313 1199 2376 sd
1216 2335 1364 2397 compen·

413 2413 503 2476 diurn
526 2413 736 2477 immunditiae
761 2425 864 2477 tracte
886 2423 972 2490 sunt,
987 2435 1057 2497 quse
1075 2412 1200 2478 virtutis
1219 2436 1290 2479 esse
1312 2415 1363 2479 de·

412 2515 547 2577 buerant
569 2515 822 2577 instrumentum.
867 2514 951 2578 caro
974 2510 1134 2598 siquidem
1161 2517 1363 2598 opinatsest,

414 2614 500 2686 (uam
525 2616 588 2678 hoc
614 2616 725 2700 utique
752 2614 902 2679 cordatus
928 2616 1026 2678 homo
1051 2637 1117 2678 non
1144 2617 1255 2696 sentit)
1279 2617 1362 2702 quod

413 2737 520 2780 amore
538 2717 688 2801 jocisque
711 2716 757 2780 nil
781 2726 831 2780 est
849 2716 1038 2799 jocundius,
1052 2717 1099 2779 nil
1123 2718 1255 2782 suavius
1275 2740 1363 2802 pera·

413 2817 508 2881 silica
517 2819 590 2895 rita,
600 2830 656 2881 aut
666 2840 773 2881 eorum
786 2819 841 2901 qui
853 2818 1022 2901 epulantur
1030 2818 1176 2901 quotidie
1186 2819 1362 2903 splendide,

412 2919 558 3002 quirino
574 2930 721 2998 metuant,
736 2916 916 3003 splendidis
937 2929 1068 2982 utuntur
1082 2920 1244 2984 vestibus:
1275 2921 1362 2985 deni·

412 3039 474 3102 que
490 3021 600 3085 omnia
613 3044 684 3106 quae
697 3042 798 3097 mens,
808 3021 931 3100 lingua,
941 3040 1056 3082 manus
1067 3021 1202 3104 appetit
1214 3023 1361 3105 cogitem,

410 3123 512 3206 loqui,
526 3133 559 3187 et
573 3124 690 3204 facere,
704 3139 738 3189 et
757 3125 791 3187 in
807 3124 898 3186 nullo
913 3122 1069 3187 contraire
1084 3124 1160 3203 sibi,
1173 3135 1230 3190 aut
1242 3135 1359 3188 motum

409 3226 581 3309 reprimere
596 3226 732 3310 propriae
744 3225 927 3298 voluntatis,
939 3224 1035 3286 vitam
1051 3245 1122 3287 esse
1138 3225 1280 3289 hominis
1290 3245 1359 3288 vera

410 3336 444 3388 ot
455 3347 580 3391 summe
592 3327 741 3390 felicitate
758 3325 933 3407 gaudentis.
972 3324 1036 3387 sed
1050 3325 1201 3409 uunquid
1216 3327 1282 3392 buc
1293 3327 1358 3390 siue

408 3426 518 3491 labore
533 3422 679 3490 venitur?
707 3428 795 3500 Quot
813 3428 933 3503 obices,
950 3446 989 3489 ne
1011 3427 1059 3491 sic
1075 3426 1212 3507 vivatur,
1226 3429 1358 3492 varietas

408 3528 558 3590 bumanae
581 3528 674 3590 sortis
696 3526 881 3611 interjacit?
915 3530 962 3592 Ut
983 3528 1079 3591 rebus
1100 3550 1242 3615 namque
1263 3529 1358 3594 utaris

408 3627 450 3690 sd
468 3625 606 3706 libitum,
622 3631 787 3711 opulentia
800 3611 983 3694 nec‘essaria
997 3640 1055 3693 est.
1101 3631 1166 3694 His
1187 3630 1274 3694 enim
1289 3650 1358 3712 ege·

408 3749 471 3792 mu
490 3750 556 3792 non
577 3730 675 3793 utitur
691 3732 745 3809 ita,
761 3730 849 3814 quod
870 3731 998 3808 desunt,
1013 3741 1069 3794 aut
1087 3730 1194 3813 parcit
1206 3752 1305 3816 saepe,
1317 3752 1357 3794 ne

408 3827 525 3892 desint.
570 3829 635 3894 Sed
653 3843 813 3913 ponantur
827 3829 951 3894 adesso.
996 3831 1085 3893 luter
1099 3831 1219 3894 multos
1232 3851 1356 3914 compe-

407 3933 529 4011 titores,
543 3943 577 3997 et
590 3943 680 3998 tanta
694 3944 857 3998 currentes
870 3930 1032 4009 aviditate,
1046 3952 1104 3994 eos
1117 3932 1230 3996 fortior
1250 3946 1363 4017 uapor·

408 4033 497 4098 tabit.
542 4035 671 4098 Viribus
685 4035 793 4118 itaque
809 4053 892 4114 opus
905 4042 965 4105 est,
980 4042 1017 4094 ut
1032 4043 1205 4095 serventur.
1243 4032 1353 4113 Exigi·

408 4147 458 4198 tor
482 4147 612 4219 ergoet
637 4135 789 4219 potentis.
835 4130 992 4216 Nunquid
1015 4132 1086 4195 bec
1110 4135 1219 4214 gratis,
1239 4133 1274 4197 id
1296 4141 1353 4208 est,

407 4235 477 4300 sine
492 4239 611 4314 labore,
624 4253 656 4300 ot
676 4235 879 4299 solicitudine
896 4231 1125 4318 acquiruntur?
1156 4233 1222 4298 Sed
1246 4235 1280 4297 in
1303 4232 1350 4295 bis

405 4337 568 4400 contemni
583 4335 697 4399 durum
720 4333 850 4417 quidem
865 4344 961 4398 estet
982 4332 1192 4410 intolerabile,
1207 4355 1246 4397 eo
1269 4328 1351 4416 quod
