3550 5467
808 746 944 791 roaxsn
957 742 1238 789 munurunsrs
1344 728 1430 804 [urs.
1445 743 1498 791 vn.

551 1268 701 1350 Cap.18.
726 1264 1500 1349 Qmmriaaequaeclampttu

591 1367 1454 1451 nptndetquaestupticnmamicaateeritatt:
1472 1375 1501 1432 et

593 1471 674 1550 quid
692 1473 737 1532 eit
756 1473 876 1532 lecturi
896 1490 969 1532 cun
985 1469 1112 1550 angelo,
1133 1471 1184 1532 cel
1202 1468 1312 1532 ethere
1333 1489 1416 1532 eum.
1457 1468 1500 1533 Et

592 1573 675 1653 quid
686 1573 731 1635 eit
742 1581 803 1633 cat
813 1575 917 1654 profit
929 1573 977 1635 od
996 1573 1191 1634 vocationem
1212 1572 1395 1652 sapientie,
1409 1572 1499 1634 teliu

595 1695 693 1754 quere
703 1676 860 1755 patrian-

593 1807 1112 1882 anvemsintdiseendicuves,
1122 1806 1500 1890 quaphilosopbeutibut

549 1908 592 1971 ad
614 1910 803 1971 intuendam
829 1908 972 1991 speciem
993 1906 1143 1985 veritatis,
1167 1907 1252 1970 riam
1274 1927 1316 1970 eo
1345 1906 1500 1971 tendentis

549 2010 741 2090 expediunt,
763 2031 864 2072 senex
887 2009 1097 2073 Camotensis
1116 2009 1230 2091 paucis
1251 2010 1423 2092 expressit
1457 2007 1497 2071 Et

547 2110 622 2172 licet
637 2113 730 2172 metri
744 2112 816 2193 ejus
830 2110 985 2173 maritate
999 2130 1063 2172 non
1073 2110 1191 2193 capiar,
1202 2131 1336 2174 sensum
1347 2112 1497 2194 approbo,

547 2220 581 2271 et
609 2210 904 2292 philosophantium
934 2211 1095 2274 mentibus
1122 2209 1221 2274 credo
1243 2207 1387 2274 fideliter
1414 2212 1496 2291 iuge·

548 2309 692 2372 rendum
737 2311 792 2372 Ait
806 2330 903 2389 ergo:

655 2421 734 2474 licus
745 2422 861 2485 humilis,
872 2424 987 2476 studium
998 2423 1140 2493 mardi,
1151 2424 1207 2476 rita
1217 2424 1317 2491 quiete,

653 2505 813 2558 scrutinium
825 2508 944 2568 tacitum,
955 2514 1104 2578 paupertas,
1115 2512 1185 2560 terra
1195 2506 1294 2571 aliena,

654 2591 720 2644 Hae
731 2610 846 2644 reserare
858 2591 943 2644 solent
953 2592 1042 2645 multis
1053 2593 1161 2646 obscure
1171 2591 1294 2660 legendo.

549 2697 738 2760 Humilibus
766 2719 906 2782 namque
934 2698 991 2761 dat
1018 2698 1152 2780 gratiam
1179 2698 1353 2777 Dominus,
1375 2710 1410 2762 et
1436 2699 1496 2763 illis

547 2798 687 2860 veritatis
706 2795 952 2880 intelligentiam
968 2798 1104 2871 confert,
1118 2798 1176 2881 qui
1197 2798 1311 2861 timore
1326 2799 1454 2877 initiati,
1467 2794 1495 2862 ei

546 2899 581 2960 in
596 2897 768 2962 dilectione
784 2899 858 2974 Dei,
872 2909 906 2961 et
928 2898 1117 2963 executione
1133 2896 1358 2962 mandatorum
1372 2920 1495 2964 suorum

545 2995 682 3060 fideliter
695 2998 868 3062 adhaerent
913 2999 998 3062 Nam
1013 3018 1055 3061 ex
1072 2997 1253 3062 testimonio
1268 2997 1495 3082 sapientis,qui

545 3095 712 3161 confidunt
729 3099 763 3160 in
777 3098 932 3173 Domino,
946 3097 1126 3179 intelligent
1144 3097 1328 3174 veritatem
1354 3098 1494 3182 superbis

544 3208 651 3261 autem
665 3199 783 3261 resistit
797 3198 900 3261 Deus
945 3197 1025 3268 Quis
1036 3219 1077 3261 eo
1090 3196 1189 3260 invito
1198 3194 1493 3281 philosophabitur?

544 3309 601 3361 aut
615 3319 654 3361 eo
676 3300 831 3361 renitente
854 3299 887 3359 in
912 3298 1021 3378 aliquo
1035 3295 1215 3360 obtinebit?
1239 3298 1421 3365 Humilitas
1441 3308 1493 3374 est,

544 3409 580 3460 ut
593 3419 654 3460 nec
669 3417 838 3478 personam
853 3397 999 3461 docentis
1013 3408 1198 3461 contemnat
1218 3398 1302 3481 quis,
1316 3411 1374 3462 aut
1387 3420 1492 3483 quam·

543 3519 671 3580 cunque
691 3497 865 3575 scientiam,
882 3499 943 3561 nisi
966 3499 1045 3562 sorte
1061 3520 1155 3583 quum
1178 3499 1292 3579 religio
1307 3501 1493 3585 reprobarit·

543 3597 580 3662 Si
595 3608 631 3659 ut
642 3596 707 3659 dici
719 3598 811 3674 solet,
822 3599 923 3662 invita
934 3599 1084 3663 Minerva
1093 3599 1171 3663 nihil
1184 3610 1270 3662 recte
1281 3600 1491 3681 aggredimur,

542 3696 615 3779 quis
633 3695 674 3758 ad
692 3696 860 3760 scientiam
876 3699 945 3762 sine
967 3719 1007 3761 eo
1028 3698 1203 3782 perveniet,
1215 3699 1271 3781 qui
1291 3699 1491 3764 scientiarum

543 3794 691 3859 dominus
706 3807 764 3869 est,
780 3798 860 3859 etin
876 3819 941 3882 quo
957 3810 1031 3862 sunt
1045 3819 1157 3861 omnes
1172 3799 1340 3881 sapientie
1355 3800 1490 3864 thesauri

541 3893 743 3959 absconditi?
768 3897 844 3959 Hoc
867 3897 974 3981 itaque
998 3898 1101 3961 moliri
1123 3897 1256 3961 arduum
1271 3898 1369 3962 nimis
1388 3907 1449 3977 est,
1461 3911 1490 3962 et

540 3994 712 4076 difficilius,
726 4010 759 4061 et
768 4000 864 4079 longe
880 3999 993 4084 majus,
1005 4020 1112 4083 quam,
1126 4009 1163 4063 ut
1177 3996 1359 4063 fabularum
1370 4011 1490 4064 utemur

539 4097 656 4174 verbis,
671 4098 794 4163 claram
810 4100 931 4181 eripere
946 4098 988 4162 de
1004 4120 1100 4162 manu
1115 4099 1277 4163 Herculis.
1323 4101 1396 4163 Imo
1410 4110 1489 4163 certe

539 4199 634 4280 longe
653 4199 759 4261 minus
778 4185 835 4275 est,
855 4200 1007 4281 quoniam
1029 4199 1111 4263 nihil
1133 4210 1203 4276 est3
1225 4201 1253 4263 si
1275 4209 1384 4264 tamen
1405 4198 1487 4285 quod

538 4298 668 4361 omnino
683 4298 761 4359 nihil
777 4311 836 4375 est,
851 4294 961 4380 aliquo
979 4300 1082 4381 majus
1100 4310 1158 4364 aut
1173 4302 1278 4364 minus
1292 4315 1351 4365 est
1397 4303 1487 4374 Quie-
