3550 5467
426 707 489 766 344
681 719 818 764 Josnrus
832 720 1115 766 ssansuenransrs
1209 704 1292 785 [mn.
1308 725 1376 771 v111.

426 871 627 958 obstupuisse
645 871 809 949 virtutem,
832 896 869 936 eo
889 871 978 958 quod
994 873 1120 955 signum
1142 874 1203 938 hoc
1218 875 1376 940 daemones

425 975 576 1059 fugerint.
612 974 683 1036 Non
700 975 870 1060 suspiceris
884 976 954 1050 boc,
967 975 1048 1039 bone
1064 977 1124 1051 vir,
1138 976 1376 1062 inquitmagus,

424 1075 500 1161 quia
522 1075 687 1139 timuerint
710 1077 791 1139 sicut
814 1079 872 1152 ais,
896 1078 948 1140 sed
971 1077 1145 1142 abominati
1168 1079 1230 1141 hoc
1252 1080 1374 1163 signum

424 1179 530 1262 potius
551 1178 779 1242 abscesserunt.
825 1181 870 1242 Et
894 1182 940 1243 ita
960 1180 1087 1264 capiens
1116 1180 1282 1257 miserum,
1306 1180 1376 1244 odio

424 1280 598 1344 Christiani
621 1281 773 1362 signaculi
800 1280 934 1367 replevit
964 1281 1144 1346 Julianum.
1190 1286 1268 1347 Post
1298 1283 1373 1358 baec,

423 1379 506 1444 sicut
522 1383 668 1446 Socrates
679 1396 790 1445 auctor
803 1393 862 1456 est,
872 1379 1046 1465 imperator
1055 1382 1375 1460 evocansJulianurn,

423 1502 495 1544 enm
512 1481 677 1547 constituit
694 1485 861 1560 Caesarem,
875 1493 907 1544 et
923 1481 999 1544 data
1013 1504 1119 1546 sorore
1140 1485 1331 1548 Constantia
1344 1483 1374 1545 in

423 1601 566 1655 uxorem,
582 1582 688 1668 ipsum
703 1593 813 1645 contra
828 1580 986 1643 Barbaros
1000 1579 1172 1645 destinavit
1188 1581 1230 1644 ad
1244 1581 1372 1646 Gallias.

424 1685 581 1750 Successit
595 1708 672 1769 ergo
687 1688 727 1761 ei,
748 1682 887 1768 fecitque
909 1681 970 1746 sibi
987 1679 1116 1746 initium
1140 1685 1288 1748 vincendi
1305 1686 1372 1749 bar·

423 1787 526 1863 baros,
549 1786 638 1872 quod
661 1807 798 1850 amorem
823 1806 915 1848 suum
945 1784 1033 1870 apud
1056 1784 1173 1848 milites
1195 1785 1371 1851 collocavit.

422 1890 541 1953 Fertur
555 1888 648 1952 etiam
666 1887 752 1972 quod
768 1886 846 1949 dum
867 1887 899 1949 in
915 1885 1055 1971 aliquam
1075 1885 1237 1951 civitatem
1261 1889 1371 1954 suisset

420 1991 593 2073 ingressus,
603 2012 718 2054 corona
730 1989 847 2062 laurea,
860 1989 978 2074 quibus
987 1987 1088 2051 solent
1097 1989 1204 2052 ornari
1216 1989 1371 2067 civitates,

419 2090 678 2155 intercolumnas
699 2091 853 2177 pendens,
868 2101 964 2175 rupto
978 2094 1055 2153 fune
1077 2112 1173 2175 super
1188 2104 1287 2177 caput
1303 2093 1372 2176 ejus

419 2191 547 2266 decidit,
577 2216 716 2277 cumque
745 2194 909 2279 aptissime
938 2191 1107 2255 coronavit.
1170 2196 1245 2266 Quo
1276 2194 1371 2273 facto,

418 2294 525 2356 cuncti
554 2293 783 2372 clamaverunt,
809 2293 885 2377 quia
914 2294 942 2357 ei
973 2294 1097 2379 signum
1128 2295 1212 2360 foret
1238 2296 1372 2383 imperii.

418 2393 635 2480 Congrediens
649 2396 764 2460 deinde
776 2420 847 2460 cnm
864 2397 1019 2473 hostibus,
1033 2410 1122 2462 tanta
1135 2397 1289 2464 felicitate
1301 2423 1371 2486 pno-

419 2514 529 2566 vectus
557 2516 617 2577 est,
647 2513 684 2564 ut
712 2522 731 2563 a
756 2499 914 2564 militibus
942 2498 1157 2586 appellaretur
1187 2501 1369 2585 Augustus.

419 2608 591 2688 Quumque
613 2625 726 2666 corona
740 2601 862 2666 deesset
877 2600 1061 2687 imperialis,
1076 2623 1160 2665 unus
1182 2601 1272 2685 signa
1294 2625 1369 2687 por-

420 2706 569 2780 tantium,
600 2718 747 2790 torquem
778 2726 874 2790 quem
904 2704 1053 2802 babebat,
1083 2705 1180 2789 capiti
1209 2705 1279 2789 ejus
1307 2707 1367 2768 cir-

416 2808 606 2895 composuit,
617 2819 649 2870 et
661 2807 720 2870 boc
735 2806 830 2869 modo
845 2807 1004 2871 sactusest
1019 2806 1191 2892 imperator
1205 2806 1366 2870 Julianus.

417 2914 499 2983 Quae
523 2931 597 2972 vero
620 2920 731 2994 postea
752 2909 886 2993 gesserit
910 2906 962 2970 ille
982 2906 1204 2993 philosophuS,
1223 2907 1366 2992 judicent

416 3009 589 3075 audientes.
635 3013 718 3073 Nam
734 3022 765 3072 et
781 3009 813 3071 in
828 3009 898 3094 ipso
913 3006 1068 3093 principio
1083 3009 1189 3070 omnia
1205 3031 1264 3094 pro
1280 3008 1369 3072 libito

416 3111 616 3197 disponebat,
639 3110 892 3194 figmentumque
918 3110 1110 3175 Christianae
1132 3110 1295 3195 religionis
1314 3111 1367 3174 ab·

410 3214 501 3299 jecit,
524 3225 556 3277 et
579 3211 774 3298 singularum
800 3211 926 3276 urbium
953 3211 1068 3297 templa
1096 3213 1260 3298 aperiens,
1274 3213 1367 3278 idolis

415 3317 579 3392 offerebat,
609 3315 717 3380 dicens
746 3315 883 3399 seipsum
915 3337 982 3379 esse
1011 3314 1197 3379 Pontificem
1229 3340 1367 3402 pagano·

415 3442 496 3485 rum.
544 3421 701 3484 Intestino
730 3441 861 3504 quoque
891 3416 974 3482 bello
996 3417 1162 3483 lacerasset
1185 3419 1365 3505 imperium,

413 3523 472 3585 nisi
488 3523 517 3585 ei
538 3521 668 3604 degenti
691 3521 722 3583 in
747 3519 897 3597 Thracia,
918 3520 1031 3585 fuisset
1051 3542 1136 3584 mors
1160 3522 1365 3607 Imperatoris

412 3621 589 3687 Constantii
612 3622 771 3684 nunciata.
818 3621 866 3685 Ut
888 3644 963 3684 vero
983 3621 1124 3685 favorem
1146 3621 1361 3686 multitudinis

411 3722 471 3788 sibi
486 3721 679 3796 conciliaret,
690 3722 746 3806 jus
758 3721 817 3785 sibi
827 3722 1032 3805 praeferendae
1042 3723 1203 3808 religionis
1215 3725 1359 3786 omnibus

410 3822 607 3908 indulgebat.
654 3821 810 3886 Studebat
833 3824 875 3888 ob
899 3825 958 3889 hoc
981 3826 1129 3891 omnibus
1151 3827 1256 3888 omnia
1281 3825 1360 3890 fieri.

412 3927 498 3989 Hinc
520 3945 609 3987 vanae
630 3921 740 4006 gloriae
762 3945 858 3987 causa
880 3923 999 4009 largus,
1015 3925 1089 3988 hinc
1105 3927 1250 3990 affectata
1265 3928 1360 3990 simu-

409 4029 525 4093 latione
554 4024 736 4113 philosophi
762 4047 889 4110 parcus,
916 4028 990 4092 hinc
1015 4050 1034 4090 a
1059 4028 1215 4093 civilitate
1241 4028 1361 4108 fictitia,

408 4129 516 4204 comis,
539 4127 613 4190 binc
631 4125 738 4210 gravis
758 4150 777 4189 a
798 4128 880 4191 mole
903 4127 1037 4212 imperii,
1064 4143 1096 4191 et
1117 4129 1207 4213 quod
1227 4129 1362 4192 maxime

406 4243 486 4305 erat,
509 4252 549 4292 ne
571 4228 707 4293 crudelis
731 4228 914 4305 baberetur,
932 4229 1210 4293 mansuetudinem
1235 4231 1364 4295 meutie-

408 4328 515 4392 batur.
563 4331 721 4397 Caererum
745 4331 849 4417 qualis
868 4345 961 4407 esset,
978 4331 1130 4414 religione
1154 4333 1359 4396 monstrabat.
