3550 5467
422 686 486 744 352
654 689 790 736 loannis
805 686 1084 731 srnasaamussrs
1201 669 1283 747 [cra.
1300 691 1367 734 vm.

415 847 500 912 tialis
522 856 580 922 est,
603 856 749 930 potenter
770 837 900 903 inflixit.
945 836 1140 921 Procingens
1170 861 1249 922 ergo
1272 863 1304 902 se
1328 841 1364 904 ad

416 948 573 1011 Persicam
599 943 846 1030 expeditionem,
863 959 923 1024 pro
939 959 1024 1000 more
1051 938 1137 1001 misit
1167 938 1323 1025 Delphos,
1335 955 1364 1004 et

415 1046 545 1126 Delum,
567 1058 664 1130 atque
688 1041 870 1116 Dodonem,
893 1039 1059 1102 consulens
1081 1060 1122 1100 an
1147 1039 1314 1122 expediret
1328 1039 1365 1102 ad

416 1147 497 1212 bella
526 1145 707 1232 procedere.
766 1146 864 1207 Vates
896 1141 1002 1224 itaque
1032 1140 1175 1203 universi
1207 1141 1363 1206 victoriam

415 1248 656 1336 promittebant,
669 1268 732 1311 uno
743 1245 827 1307 inter
838 1255 952 1305 cratera
967 1240 1096 1303 animati
1108 1263 1272 1326 responso,
1282 1243 1363 1328 quod

414 1373 472 1438 pro
497 1349 645 1434 exemplo
673 1348 828 1410 mendacii
858 1367 894 1407 ac
920 1341 1114 1406 seductionis
1143 1344 1281 1408 inserere
1305 1368 1361 1408 nou

415 1453 549 1538 pigebit.
586 1454 648 1514 Est
658 1463 764 1513 autem
780 1461 888 1511 autem
904 1443 1098 1530 hujusmodi.
1145 1448 1252 1509 Nunc
1265 1467 1364 1512 omnes

416 1557 624 1638 aggredimur
653 1554 716 1616 Dei
748 1553 888 1613 victorie
924 1556 1042 1629 tropaea
1077 1550 1255 1631 reserentes
1285 1554 1365 1613 circo

401 1661 548 1744 fluvium
577 1658 719 1719 Thlrem.
758 1655 885 1715 Horum
912 1672 966 1732 eqo
992 1651 1061 1711 dur
1083 1672 1146 1725 ero,
1172 1653 1366 1732 belliqerntor

414 1761 519 1823 Mors.
565 1756 718 1840 Quisquis
733 1777 809 1838 ergo
824 1752 976 1839 Pythium
995 1753 1164 1814 Musarum
1181 1754 1364 1842 principem,

415 1872 448 1923 et
464 1859 629 1922 dominum
652 1857 779 1920 rationis
800 1854 912 1928 credit,
928 1854 991 1915 vim
1013 1866 1044 1915 et
1065 1866 1203 1916 mentem
1226 1859 1366 1921 carminis

415 1960 512 2046 hujus
531 1963 771 2044 interpretetur.
812 1958 884 2033 Quo
904 1955 999 2018 miser
1020 1955 1191 2030 animatus,
1215 1960 1364 2022 omnimo-

414 2061 488 2124 dam
512 2061 571 2124 sibi
595 2061 759 2123 victoriam
782 2058 951 2133 somnians,
974 2057 1068 2119 etiam
1093 2057 1246 2122 Galilaeos
1265 2061 1365 2125 delere

414 2162 626 2248 praeparabat.
671 2165 700 2224 A
733 2159 879 2244 plurimis
911 2172 1025 2232 tamen,
1052 2172 1089 2221 ut
1118 2163 1273 2245 oportuit,
1299 2163 1365 2226 vilis

413 2274 558 2347 apostata
579 2273 780 2344 contemptus
802 2273 859 2322 est.
907 2262 945 2322 In
972 2259 1139 2324 Antiochia
1161 2283 1298 2348 namque
1319 2266 1365 2328 vir

356 2362 360 2373 '
414 2362 544 2449 quidam
567 2365 721 2447 optimus,
745 2362 943 2448 paedagogus
965 2360 1227 2439 adolescentium,
1250 2366 1367 2431 habita-

414 2467 483 2545 bat,
511 2478 643 2551 eratque
673 2464 737 2528 illic
767 2463 994 2528 famosissimus
1026 2463 1169 2548 sophista
1203 2467 1365 2544 Libanius,

414 2581 587 2654 expectans
615 2566 778 2631 victoriam
807 2565 942 2642 Juliani,
967 2565 1151 2651 habensque
1176 2591 1244 2653 pra>
1268 2571 1365 2634 oculis

415 2671 517 2734 minas
539 2669 618 2754 ejus.
658 2668 712 2732 Ait
733 2691 819 2750 ergo,
843 2690 947 2730 reram
971 2666 1146 2730 deridendo
1167 2670 1362 2756 religionem:

416 2775 511 2837 Nunc
534 2771 617 2835 fabri
643 2770 727 2834 filius
754 2769 831 2854 quid
857 2785 952 2856 putas
977 2773 1067 2855 agit?
1103 2776 1145 2836 At
1173 2774 1364 2860 paedagogus

415 2872 593 2960 completus
607 2871 711 2956 gratia
730 2872 831 2935 dixit:
861 2873 890 2934 Ο
905 2871 1055 2957 sophista,
1071 2888 1195 2939 creator
1217 2879 1365 2955 omnium,

415 3000 511 3061 quem
536 2988 571 3039 tu
595 2974 678 3038 fabri
703 2973 803 3037 filium
827 2975 1006 3053 n'ominasti,
1023 2973 1169 3040 locellum
1194 2981 1364 3064 sepultura*

414 3078 437 3140 J
441 3077 546 3141 uliano
568 3076 741 3160 componit.
781 3078 857 3139 Post
882 3099 999 3161 paucos
1012 3076 1081 3141 dies
1099 3100 1183 3142 mors
1200 3083 1365 3146 nunciatur

413 3179 437 3241 J
440 3178 548 3243 uliani.
582 3179 627 3241 Et
639 3177 670 3239 in
685 3176 795 3241 locello
806 3176 959 3242 advectus
970 3190 1029 3258 est,
1038 3183 1263 3267 minarumque
1275 3186 1367 3248 timor

413 3295 597 3345 evacuatus.
639 3278 762 3342 Eodem
788 3302 918 3365 quoque
945 3294 1096 3366 tempore,
1123 3283 1172 3345 vir
1199 3284 1366 3371 religiosis·

414 3381 515 3446 simus
536 3380 698 3459 Julianus,
720 3395 929 3465 cognomento
950 3382 1045 3462 Saba,
1064 3384 1180 3448 subitae
1200 3386 1367 3453 hilaritatis

413 3504 538 3546 cansam
565 3505 584 3545 a
614 3481 765 3546 ministris
794 3484 1018 3568 interrogatus,
1045 3486 1229 3570 respondit:
1266 3490 1366 3553 Ferus

412 3603 509 3644 sacrae
525 3584 625 3645 vineae
641 3585 833 3656 devastator,
846 3608 957 3671 poenas
971 3600 1103 3651 exactus
1118 3602 1165 3652 est
1182 3592 1365 3656 vastationis

318 3693 327 3706 ·
412 3704 496 3745 suae:
527 3683 677 3766 jacetque
693 3699 849 3765 mortuus,
865 3688 1041 3753 terroribus
1061 3689 1219 3776 minisque
1235 3693 1365 3758 frustra-

411 3797 475 3847 tus¹
515 3781 576 3844 Sed
593 3786 822 3866 exprimendus
845 3802 892 3852 est
908 3789 998 3868 ordo,
1014 3814 1079 3876 quo
1099 3791 1234 3860 decessit
1249 3795 1364 3881 impius

412 3897 608 3972 persecutor.
639 3889 747 3960 Quum
765 3910 842 3973 ergo
858 3905 922 3954 tam
935 3893 1030 3970 cives,
1044 3917 1139 3979 quam
1153 3895 1270 3974 hostes,
1282 3898 1364 3962 bello

412 3988 540 4053 Persico
572 3987 736 4052 laboribus
768 4003 801 4054 ct
832 3993 916 4057 same
947 3994 1165 4082 multipliciter
1193 3998 1364 4081 afflixisset,

410 4091 537 4154 veniens
562 4089 801 4175 Ctesiphontem
829 4096 1003 4173 civitatem,
1025 4099 1058 4162 in
1088 4113 1212 4165 tantum
1240 4102 1361 4167 obsedit

408 4213 525 4276 regem,
537 4207 574 4257 ut
586 4193 704 4258 crebris
719 4192 930 4280 legationibus
942 4199 970 4263 ei
985 4200 1114 4265 offerret
1127 4214 1248 4287 partem
1263 4205 1361 4289 regni,

408 4288 484 4354 dum
507 4296 630 4358 solutus
652 4294 735 4360 bello
756 4297 949 4364 discederet:
983 4300 1072 4383 quod
1095 4300 1267 4386 imperator
1290 4328 1361 4368 eon·
