3550 5467
437 759 509 804 cur.
525 743 639 822 nanu]
791 761 1046 807 uourcunrrcus.
1320 751 1381 810 361

435 919 558 974 neuter.
604 910 801 975 Conveniunt
817 932 905 994 ergo,
922 910 949 973 si
965 909 1080 995 placet,
1096 910 1128 973 in
1143 910 1247 976 insula
1262 913 1385 999 Lycao-

434 1009 499 1085 nia,
520 1024 577 1075 aut
600 1010 673 1086 alio,
690 1011 716 1074 si
734 1012 807 1097 quis
830 1024 934 1076 tamen
955 1011 1042 1075 locus
1058 1011 1160 1092 bellis,
1181 1014 1248 1078 sive
1269 1013 1384 1079 duellis

432 1124 480 1174 est
510 1113 633 1200 aptior:
665 1135 737 1176 nam
766 1113 902 1200 antiqui,
932 1126 1012 1177 teste
1043 1112 1254 1195 Quintiliano,
1283 1117 1384 1181 bellos
1478 1177 1481 1183 ,

431 1211 592 1296 dicebant,
606 1238 688 1301 quos
698 1214 793 1278 modo
808 1213 931 1279 duellos
943 1214 1152 1301 appellamus,
1167 1228 1199 1281 et
1215 1220 1281 1282 sine
1296 1218 1383 1282 orbis

429 1326 462 1376 et
486 1315 575 1379 urbis
596 1314 738 1400 periculo
760 1315 866 1379 vincat
887 1319 1041 1380 alteruter
1068 1316 1260 1396 duellorum,
1284 1342 1379 1404 quem

429 1412 524 1478 Deus
532 1415 1378 1503 scilicetupprobaverit,autvictoremessepermiserit.

428 1516 542 1581 Victus
564 1539 704 1602 quoque,
726 1516 751 1580 si
774 1515 807 1579 id
830 1516 940 1581 victori
963 1519 1098 1602 placeat,
1119 1517 1324 1602 demergatur
1345 1520 1377 1584 in

427 1616 593 1702 Tyberim,
619 1630 676 1682 aut
703 1616 826 1680 sicum
852 1639 889 1680 eo
910 1615 1021 1682 mitius
1048 1617 1207 1703 agendum
1236 1617 1375 1697 videtur,

426 1718 652 1783 retrudatutin
663 1740 800 1782 euveum.
825 1717 887 1784 Cui
899 1740 998 1804 quum
1008 1720 1108 1784 abbas
1117 1719 1176 1783 loci
1187 1718 1374 1799 claustrum,

426 1817 491 1879 imo
513 1839 668 1881 carcerem
693 1819 864 1902 aperuerit,
883 1828 1122 1904 protestetnrse
1145 1842 1207 1883 non
1230 1820 1309 1885 illud
1333 1821 1374 1898 ei,

425 1917 482 2001 qui
498 1916 678 1995 damnatur,
694 1940 898 2003 praeparasse,
913 1919 966 1984 sed
985 1920 1077 1985 victo.
1123 1920 1288 2006 Siquidem

594 2031 676 2085 Nulla
686 2032 754 2086 tides
766 2051 879 2103 unquam
892 2037 999 2089 misem
1009 2035 1091 2105 elegit
1100 2039 1205 2090 amium.

423 2136 488 2210 Qui
506 2159 579 2199 vero
598 2135 718 2210 vicerit,
738 2135 772 2200 id
788 2149 846 2211 est,
867 2138 924 2224 qui
940 2138 1106 2204 violentior
1126 2140 1236 2214 fuerit,
1257 2140 1290 2203 in
1312 2139 1369 2203 Li·

421 2259 541 2322 parem‚
568 2237 715 2301 uliam-ve
739 2238 873 2302 insulam
894 2240 968 2304 exul
988 2255 1163 2326 perpetuus
1183 2241 1370 2327 deportetur

419 2338 460 2402 ed
476 2360 632 2402 marmora
654 2339 798 2415 meartda,
820 2341 933 2406 autad
956 2343 1082 2407 metalla
1095 2343 1274 2409 damnetur.
1307 2343 1371 2406 Fa·

418 2438 509 2502 cinus
521 2443 603 2503 enim
617 2441 793 2505 schismatis
805 2465 887 2528 qnos
899 2442 1058 2526 inquinat,
1071 2458 1178 2528 aequat
1189 2471 1199 2523 ;
1221 2443 1280 2506 nisi
1291 2444 1369 2527 qnia

418 2537 609 2624 plerumque
624 2543 680 2626 qui
697 2542 819 2616 fortior,
842 2542 907 2602 imo
922 2541 1066 2616 ferocior,
1080 2541 1165 2603 idem
1182 2554 1213 2604 et
1228 2542 1368 2625 iniquior

416 2654 475 2704 ost.
521 2641 607 2719 Quid
638 2639 855 2725 perniciosius,
882 2650 939 2700 aut
966 2637 1117 2701 odibilius
1146 2637 1229 2701 bello
1258 2637 1367 2702 civili?

415 2740 507 2802 Nihil
523 2740 617 2826 plane
629 2752 746 2822 praeter
762 2736 880 2799 rabiem
898 2735 1180 2814 schismaticorum,
1195 2750 1251 2802 uut
1267 2737 1367 2804 hoere·

414 2841 509 2904 ticam
534 2853 665 2924 pestem.
709 2839 855 2914 Quorum
872 2849 983 2901 utrum
1006 2838 1212 2922 perniciosius
1227 2839 1279 2915 sit,
1302 2860 1364 2902 non

410 2942 505 3004 facile
520 2940 667 3014 dixerim,
684 2940 708 3002 si
725 2948 831 3001 tamem
849 2939 881 3001 in
899 2937 948 3002 his
970 2959 1122 3003 numerus
1136 2952 1195 3019 est,
1212 2953 1247 3004 ut
1264 2961 1363 3004 unum

409 3052 599 3124 segregetur
621 3040 661 3102 ab
683 3039 794 3102 altero.
839 3038 1017 3105 Cessabunt
1033 3039 1126 3125 plane
1149 3039 1232 3104 bella
1246 3039 1363 3118 civilia,

407 3144 433 3207 si
457 3139 699 3227 presumptioni
721 3139 803 3204 desit
834 3139 1021 3204 temeritatis
1042 3139 1182 3225 adjutor.
1228 3143 1295 3206 Nec
1317 3153 1365 3206 est

409 3241 466 3329 qui
493 3241 638 3304 concives
653 3240 751 3325 possit
771 3261 885 3323 urgere
909 3239 950 3304 ad
974 3240 1127 3321 furorem,
1150 3242 1212 3306 nisi
1228 3264 1281 3307 eos
1306 3241 1362 3307 ali-

410 3356 571 3431 quatenus
597 3342 666 3428 ipsa
694 3340 830 3405 delectet
860 3341 992 3406 insania,
1038 3342 1163 3427 Utique
1192 3343 1361 3407 necessitas

408 3442 607 3520 confurendi,
622 3455 679 3507 aut
695 3442 782 3507 nulla
797 3442 936 3518 omuino,
953 3454 1021 3523 aut,
1037 3456 1073 3507 ut
1085 3443 1234 3521 multum,
1249 3445 1362 3530 imagi-

409 3545 495 3609 naria
511 3558 568 3608 est.
616 3545 695 3608 Haec
717 3566 848 3629 quoque
868 3543 1036 3628 permultis
1054 3544 1264 3631 maximisque
1279 3545 1362 3633 peri-

409 3645 487 3710 culis
501 3658 600 3731 patet,
615 3666 753 3731 quorum
769 3666 861 3708 nemo
876 3629 952 3708 satis
967 3643 1106 3709 declinat
1124 3659 1284 3724 eventum,
1300 3645 1361 3712 nisi

409 3756 584 3829 praecaveat
600 3742 792 3809 luerrltatem.
823 3747 936 3808 Innuit
950 3744 1011 3808 boc
1028 3745 1129 3809 Poeta
1144 3745 1360 3830 gravissimus,

408 3859 462 3910 aut
484 3847 523 3924 si,
547 3845 644 3931 juxta
667 3844 910 3921 Quintilianum,
934 3847 1053 3911 rectius
1076 3845 1181 3911 dicere
1210 3845 1359 3911 malueris

407 3960 576 4028 oratorem,
592 3969 652 4010 non
669 3967 823 4032 repugno,
838 3946 915 4010 dum
931 3959 1053 4011 constet
1069 3946 1277 4033 praecavenda
1291 3967 1357 4007 esse

406 4047 498 4112 etiam
514 4070 588 4133 quae
611 4060 741 4131 possunt
758 4048 882 4109 evenire
904 4048 1055 4128 pericula,
1070 4063 1102 4111 et
1119 4045 1354 4109 universitatem

406 4148 445 4212 ab
460 4147 681 4231 unoquolibet
697 4146 765 4230 cogi
783 4167 846 4209 non
862 4166 964 4229 posse,
981 4159 1017 4206 ut
1034 4145 1144 4210 sceleri
1159 4143 1355 4225 obsequatur

405 4247 511 4311 invita.
558 4246 728 4321 Alterum,

505 4359 542 4412 Et
553 4362 670 4428 quamvis
682 4360 752 4413 nullo
764 4358 908 4411 maculatus
920 4358 1047 4424 sanguiue
1058 4357 1143 4420 miles,

505 4445 575 4508 Qua
584 4447 668 4514 potuit
679 4445 782 4508 secisse,
795 4446 878 4496 timet.
915 4441 988 4506 Quid
1000 4447 1104 4511 pectora
1114 4440 1221 4511 pulsant
