3550 5467
309 691 379 735 car.
396 672 504 751 xxia]
660 693 920 739 ronrcnsrrcus:
1201 683 1264 742 ³67

310 839 436 902 sissima
462 840 569 904 luerit.
616 841 779 926 Spinosam
808 842 887 908 dicit
913 842 1095 908 cathedram
1128 848 1264 910 Romani

307 941 478 1024 pontilicis,
502 943 534 1005 in
562 956 686 1007 tantum
713 944 902 1009 acutissimis
929 966 1162 1031 usquequaque
1188 969 1261 1011 con·

307 1055 422 1106 sertam
438 1045 565 1119 aculeis,
582 1057 743 1129 tantaeque
758 1046 860 1120 molis,
878 1059 914 1110 ut
934 1046 1174 1111 robustissimos
1188 1069 1259 1132 pre-

307 1157 384 1219 mat,
414 1157 508 1221 terat,
538 1160 572 1210 et
604 1144 799 1209 comminuat
829 1147 988 1211 humeros.
1042 1148 1198 1212 Coronam
1230 1160 1263 1212 et

311 1245 483 1330 phrygium
508 1248 594 1310 clara
615 1247 729 1310 merito
752 1246 864 1326 rideri,
886 1246 1036 1332 quoniam
1063 1248 1158 1332 ignea
1180 1260 1265 1313 sunt.

309 1349 375 1412 Sed
390 1368 555 1433 nunquam
577 1371 596 1411 a
616 1346 715 1411 natali
737 1346 804 1410 solo
818 1346 944 1432 Angliae
966 1346 1060 1410 malle
1082 1349 1194 1426 exisse,
1209 1362 1265 1415 ant

308 1451 341 1511 in
362 1448 501 1513 claustro
520 1451 606 1515 beati
627 1450 716 1529 Rufi,
738 1463 895 1536 perpetuo
913 1448 1044 1512 latuisse
1063 1449 1152 1530 dicit,
1166 1472 1264 1536 quam

308 1562 421 1626 tantas,
445 1553 505 1617 nisi
527 1556 606 1638 quia
629 1551 747 1618 divinae
771 1551 998 1637 dispensationi
1025 1549 1175 1615 reluctari
1201 1573 1264 1616 non

306 1652 415 1730 audet,
431 1655 565 1719 intrasse
587 1655 758 1736 angustias.
804 1657 892 1719 Dum
917 1666 1072 1738 superest,
1088 1654 1192 1739 ipsum
1214 1656 1262 1718 in·

307 1766 444 1838 terroga,
458 1770 491 1820 et
506 1757 598 1820 crede
617 1769 762 1839 experto.
799 1760 872 1821 Hoc
887 1756 982 1819 etiarn
999 1755 1075 1818 mihi
1092 1755 1265 1840 saepissime

307 1855 434 1939 adjecit,
451 1857 537 1942 quod
561 1880 663 1944 quum
679 1856 836 1941 degrada
853 1856 884 1919 in
901 1856 1038 1941 gradum
1061 1879 1080 1918 a
1102 1856 1263 1922 claustrali

307 1955 420 2021 clerico
434 1983 492 2045 per
506 1960 614 2023 omnia
628 1959 730 2023 officia
745 1962 775 2023 in
792 1958 971 2044 pontificem
985 1980 1144 2022 summum
1157 1981 1263 2024 ascen·

308 2056 404 2134 derit,
420 2059 499 2121 nihil
522 2081 662 2144 unquam
681 2059 852 2133 felicitatis,
868 2072 924 2124 aut
941 2057 1122 2145 tranquillae
1137 2059 1265 2145 quietis,

306 2158 381 2222 vitae
404 2162 503 2246 priori
525 2162 687 2247 adjectum
711 2174 758 2225 est
779 2161 821 2224 ab
843 2184 985 2224 ascensu.
1029 2164 1075 2225 Et
1099 2173 1136 2225 ut
1159 2162 1264 2227 verbis

306 2263 376 2343 ejus
399 2278 484 2340 utar,
501 2265 580 2328 nihil
603 2264 697 2340 enim,
714 2288 814 2352 quum
838 2286 978 2350 praesens
998 2286 1078 2338 sum,
1095 2263 1144 2326 sui
1159 2266 1264 2349 gratia

308 2363 379 2427 vult
409 2365 494 2450 apud
520 2389 553 2429 se
582 2367 805 2431 absconditum
835 2390 902 2430 esse
925 2367 965 2429 ab
994 2364 1094 2430 oculis
1120 2365 1209 2444 meis,
1229 2365 1263 2430 in

307 2463 434 2544 incude,
448 2466 564 2552 inquit,
580 2480 610 2529 et
634 2468 746 2530 malleo
767 2489 891 2550 semper
914 2464 1061 2529 dilatavit
1085 2487 1135 2527 me
1151 2468 1262 2530 Domi·

305 2584 375 2640 nus,
391 2564 445 2626 sed
468 2585 553 2626 nunc
575 2565 674 2639 oneri,
689 2563 778 2647 quod
801 2562 979 2625 infirmitati
1001 2582 1081 2625 meae
1097 2563 1262 2646 imposuit,

304 2662 329 2725 si
350 2663 465 2748 placet,
486 2673 646 2745 supponat
669 2661 847 2736 dexteram,
867 2661 1019 2743 quoniam
1043 2659 1121 2722 mihi
1145 2660 1262 2749 impor-

305 2764 402 2828 tabile
427 2777 485 2825 est.
531 2762 645 2822 Nonne
667 2782 745 2843 ergo
767 2759 894 2822 miseria
908 2759 1116 2841 dignissimus
1130 2773 1190 2840 est,
1206 2764 1262 2848 qui

304 2886 364 2948 pro
388 2877 475 2925 tanta
498 2873 620 2946 pugnat
648 2860 796 2923 miseria?
835 2861 883 2924 Sit
908 2882 983 2923 sane
1005 2859 1180 2926 ditissimus
1206 2866 1263 2948 qui

303 2964 446 3045 eligitur,
475 2963 622 3047 sequenti
649 2962 700 3026 die
724 2984 847 3048 pauper
876 2962 948 3037 erit,
975 2977 1007 3027 ct
1034 2962 1167 3028 infinitis
1196 2965 1262 3030 fere

303 3063 516 3128 creditoribus
539 3063 700 3126 tenebitur
721 3063 891 3146 obligatus.
936 3062 1023 3140 Quid
1044 3085 1120 3146 ergo
1140 3065 1201 3128 erit
1220 3066 1262 3142 ei,

306 3188 401 3251 quem
419 3166 510 3228 nulla
525 3177 617 3228 vocat
632 3163 755 3241 electio,
771 3166 826 3228 sed
850 3177 1049 3250 repugnante
1063 3164 1096 3226 in
1112 3167 1262 3232 membris

307 3265 448 3342 Christo,
466 3265 601 3330 ambitio
623 3288 706 3329 caeca
728 3280 759 3328 et
782 3278 915 3329 cruenta
936 3287 997 3328 non
1022 3264 1088 3327 siue
1110 3270 1265 3352 sanguine

304 3369 444 3430 fraterno
466 3367 632 3432 intrudit?
677 3369 750 3430 Hoc
773 3367 903 3452 quidem
927 3378 975 3429 est
997 3366 1136 3431 Romulo
1158 3390 1263 3431 succe-

306 3468 380 3531 dere
393 3471 425 3530 in
437 3466 629 3553 parricidiis,
640 3490 701 3530 non
713 3470 809 3531 Petro
820 3467 852 3530 iu
864 3466 1020 3530 commissi
1032 3467 1264 3554 dispensatione

305 3570 405 3633 ovilis.

327 3757 405 3841 Cap.
422 3765 473 3821 Μ.
497 3757 678 3838 Epicureos
692 3777 863 3838 nunquam
878 3760 1007 3839 assequi
1011 3760 1120 3840 finam
1135 3779 1243 3822 suum.

348 3876 379 3936 N
383 3893 425 3936 tsi
434 3871 613 3936 dissimulet
625 3876 856 3950 contentiosus,
866 3896 941 3959 quae
954 3887 1059 3938 tamen
1071 3872 1262 3937 dissimulari

305 3973 384 4036 ratio
400 3997 461 4037 nou
474 3975 644 4060 permittit,
656 3998 695 4038 ex
708 3975 929 4061 superioribus
939 3973 1009 4037 luce
1020 3973 1136 4037 clarius
1148 3972 1261 4056 liquet,

304 4075 482 4160 Epicureos
494 4098 659 4162 nunquam
670 4077 796 4159 assequi
810 4077 905 4138 linem
918 4097 1022 4139 suum.
1054 4077 1163 4146 Quum
1176 4072 1259 4135 enim

303 4175 344 4237 ad
371 4176 574 4261 tranquillam
600 4176 741 4258 aspirent
766 4173 875 4250 vitam,
898 4174 993 4240 etad
1017 4172 1181 4237 libidinem
1204 4195 1258 4236 ex·

304 4277 451 4361 plaudam
469 4301 501 4341 se
514 4277 675 4342 retrahant
689 4289 722 4340 et
736 4275 1013 4361 philosophentur,
1024 4274 1088 4337 imo
1103 4274 1260 4360 desipiant
