3550 5467
430 688 493 745 3³⁴
689 695 826 740 romarus
841 691 1120 737 sumsmssrs
1213 676 1295 755 [nur
1310 694 1374 738 rm.

429 842 1376 928 macariotemporisomauquimmeuuque

426 949 707 1035 fnissereprobum
724 945 1007 1032 snperiusdietum
1023 958 1087 1009 est.
1117 946 1375 1032 Regnmesiqui-

426 1045 1375 1124 dernvolnit,etnonaDomino,etsnbeotnrrimin

423 1143 1239 1233 mlumedgeremaummdispmgenda,
1261 1155 1375 1208 etcum

423 1248 589 1314 fundenda
613 1247 800 1312 mortalitas
840 1245 1089 1328 Progrediamur
1111 1245 1155 1309 nd
1178 1269 1268 1323 eum,
1287 1268 1372 1332 quem

346 1404 349 1409 ⁴
423 1349 545 1436 populo
560 1350 671 1413 divina
684 1347 826 1434 prefecit
839 1346 962 1421 electio,
971 1345 1152 1432 datumque
1167 1350 1201 1411 in
1214 1349 1373 1433 neprolmn

424 1450 621 1528 dominandi,
641 1471 705 1515 non
724 1447 877 1534 regnandi
897 1447 1094 1512 rolonrstem
1118 1448 1276 1527 deseruit,
1291 1449 1374 1513 adeo

424 1574 490 1637 qne
504 1551 631 1632 afflixit,
647 1568 697 1629 nt,
711 1563 846 1634 urgente
859 1546 1149 1633 dolorirrngnstis,
1164 1564 1300 1615 mortem
1321 1550 1373 1615 sibi

423 1668 591 1739 cogeretur
611 1653 738 1716 iul'erre.
785 1650 876 1714 Nihil
890 1650 975 1714 euim
990 1664 1046 1714 sut
1061 1651 1233 1716 minimum
1248 1653 1373 1737 prodest

424 1777 503 1820 sana
516 1754 702 1840 assumptio,
714 1754 739 1817 si
754 1774 950 1837 consequens
964 1753 1031 1816 vita
1044 1751 1205 1829 dissentit,
1217 1776 1276 1817 nec
1291 1753 1373 1818 initia

421 1877 528 1918 rerum
546 1854 632 1941 apud
644 1853 787 1940 judicem
803 1851 960 1926 obtinent,
975 1852 1068 1935 cujus
1088 1856 1249 1917 sententis
1263 1853 1372 1939 pendet

423 1978 463 2019 ex
480 1956 552 2019 fine.
600 1959 736 2040 Regum,
752 1974 784 2018 et
798 1953 871 2017 libri
886 1952 1010 2015 dierum
1025 1951 1160 2017 celebris
1174 1953 1308 2019 historie
1320 1966 1373 2030 est,

420 2056 455 2120 in
485 2080 561 2141 qus,
591 2072 721 2121 anctore
756 2056 966 2140 Hieronymo,
997 2054 1096 2118 lsrael
1131 2056 1285 2120 edocetur
1317 2055 1372 2120 sub

422 2157 566 2240 tyrannis
580 2157 622 2220 eb
636 2158 729 2220 initio
744 2156 912 2219 laborasse.
950 2157 995 2219 Et
1010 2156 1034 2217 J
1037 2156 1112 2236 uda,
1126 2169 1247 2242 praeter
1263 2157 1371 2231 David,

419 2256 551 2330 Josiam,
567 2271 600 2320 et
622 2256 806 2334 Ezechiam,
821 2279 912 2340 reges
933 2280 1042 2322 omnes
1055 2258 1211 2345 reprobos
1231 2259 1373 2323 babuisse

420 2368 624 2420 monstratur.
663 2355 863 2421 Salomonem
880 2370 998 2439 tamen,
1011 2372 1043 2421 et
1062 2357 1148 2422 forte
1164 2359 1291 2445 aliquos
1303 2359 1372 2423 alio-

420 2479 492 2523 rum
513 2457 548 2522 in
569 2458 661 2522 Juda
681 2458 878 2523 convaluisse
898 2460 991 2524 facile
1012 2459 1217 2538 crediderim,
1239 2463 1380 2526 Domino

418 2572 598 2626 revocante.
643 2559 793 2645 Mihique
818 2561 913 2626 facile
942 2559 1191 2644 persuadebitur
1220 2560 1370 2648 populum

418 2661 511 2727 duroe
536 2662 679 2741 cervicis,
703 2675 735 2726 et
761 2661 859 2726 corde
886 2661 1087 2741 indomabili,
1110 2677 1143 2726 et
1169 2663 1229 2749 qui
1253 2684 1371 2748 semper

418 2764 537 2828 restitit
552 2763 680 2849 spiritui
696 2776 814 2837 sancto,
827 2775 858 2826 et
875 2784 937 2826 uon
953 2761 1048 2826 modo
1064 2766 1200 2848 Moysen
1216 2763 1366 2830 famulum

417 2863 507 2948 legis,
522 2864 578 2927 sed
595 2867 698 2928 Deum
714 2864 878 2928 dominum
895 2863 975 2949 legis
991 2863 1283 2929 abominationibus
1294 2885 1367 2950 gen-

416 2964 498 3029 tium
513 2965 555 3029 ad
577 2966 774 3032 iracundiam
796 2965 994 3052 provocarit,
1010 2988 1070 3050 pro
1091 2965 1293 3052 principibus
1307 2987 1369 3028 me·

415 3065 517 3130 ruisse
533 3079 695 3152 tyrannos.
740 3067 823 3130 Nam
845 3079 1008 3150 tyrannos,
1022 3087 1104 3150 quos
1122 3080 1254 3151 peccata
1274 3066 1369 3152 impe-

415 3176 510 3250 trant,
526 3166 695 3247 inducunt,
709 3181 742 3232 et
757 3168 895 3250 erigunt,
905 3168 1094 3254 poenitentia
1108 3167 1207 3248 delet,
1219 3167 1368 3242 excludit,

415 3282 447 3334 et
459 3269 598 3356 perimit.
627 3272 673 3335 Et
685 3267 814 3355 quidem
831 3281 905 3333 ante
919 3291 1010 3354 reges
1020 3292 1106 3346 suos,
1122 3271 1205 3336 sicut
1216 3270 1367 3336 Judicum

413 3384 522 3435 narrat
538 3370 681 3450 historia,
695 3370 870 3435 servierunt
886 3392 1106 3457 saepenumero
1118 3371 1177 3435 filii
1195 3372 1296 3436 Israel
1310 3372 1369 3438 sub

415 3473 570 3555 tyrannis,
593 3471 703 3536 multis
724 3483 756 3535 et
779 3471 885 3546 variis,
906 3495 967 3558 pro
993 3471 1229 3557 dispensatione
1249 3472 1367 3552 divina,

413 3569 521 3634 afflicti
536 3572 744 3655 temporibus,
761 3594 909 3658 saepeqne
925 3586 1001 3638 sunt
1016 3572 1190 3638 clamantes
1205 3574 1247 3638 nd
1260 3577 1369 3639 Domi·

413 3691 489 3733 num
517 3669 652 3734 liberati.
699 3672 899 3759 Licebatqne
924 3674 1016 3739 finito
1041 3687 1185 3760 tempore
1211 3675 1368 3762 dispense-

410 3772 517 3849 tionis,
528 3792 603 3833 nece
619 3783 829 3854 tyrannorum
841 3788 992 3840 excutere
1002 3777 1119 3862 jugum
1135 3776 1176 3840 de
1188 3777 1365 3843 cervicibus

409 3874 485 3950 suis,
501 3893 558 3936 nec
580 3871 751 3957 quisquam
772 3897 896 3952 eorum,
913 3900 1049 3963 quorum
1073 3877 1195 3943 virtute
1210 3877 1366 3964 poenitem

408 3987 440 4040 et
475 3971 661 4037 humiliatus
695 3971 836 4057 populus
872 3973 1077 4051 liberabatur,
1115 3975 1277 4060 arguitur,
1312 3973 1365 4038 sed

400 4074 549 4159 jucunda
564 4084 763 4160 posterorum
778 4076 942 4151 memorio,
957 4077 1049 4162 quasi
1071 4075 1216 4141 minister
1234 4074 1361 4139 Domini

405 4187 610 4239 memoratur.
649 4173 742 4251 Quod
766 4176 940 4262 suppositis
960 4176 1061 4264 liquet
1084 4176 1250 4262 exemplis.
1288 4179 1359 4243 ser-

404 4277 531 4340 vierunt
555 4298 631 4360 ergo
656 4277 713 4342 filii
737 4278 834 4343 lsrael
858 4278 965 4364 Eglou
987 4278 1055 4363 regi
1078 4277 1179 4342 blonb
1199 4277 1308 4341 decem
1329 4288 1359 4340 et
