<?xml version="1.0" encoding="UTF-8"?>
<!DOCTYPE html PUBLIC "-//W3C//DTD XHTML 1.0 Transitional//EN"
    "http://www.w3.org/TR/xhtml1/DTD/xhtml1-transitional.dtd">
<html xmlns="http://www.w3.org/1999/xhtml" xml:lang="en" lang="en">
 <head>
  <title>
</title>
<meta http-equiv="Content-Type" content="text/html;charset=utf-8" />
  <meta name='ocr-system' content='tesseract 3.04.00' />
  <meta name='ocr-capabilities' content='ocr_page ocr_carea ocr_par ocr_line ocrx_word'/>
</head>
<body>
  <div class='ocr_page' id='page_1' title='image "./joannissaresber17johngoog_0156.png"; bbox 0 0 3550 5467; ppageno 0'>
   <div class='ocr_carea' id='block_1_1' title="bbox 545 747 1488 831">
    <p class='ocr_par' dir='ltr' id='par_1_1' title="bbox 545 747 1488 831">
     <span class='ocr_line' id='line_1_1' title="bbox 545 747 1488 831; baseline 0 -21"><span class='ocrx_word' id='word_1_1' title='bbox 545 751 609 810; x_wconf 68' lang='lat' dir='ltr'><strong>tlt</strong></span> <span class='ocrx_word' id='word_1_2' title='bbox 773 763 910 810; x_wconf 73' lang='lat' dir='ltr'><strong>sonuum</strong></span> <span class='ocrx_word' id='word_1_3' title='bbox 924 762 1200 813; x_wconf 76' lang='lat' dir='ltr'><strong>sasussramssrs</strong></span> <span class='ocrx_word' id='word_1_4' title='bbox 1333 747 1420 831; x_wconf 78' lang='lat' dir='ltr'><strong>[urs.</strong></span> <span class='ocrx_word' id='word_1_5' title='bbox 1436 768 1488 812; x_wconf 85' lang='lat' dir='ltr'><strong>vn.</strong></span> 
     </span>
    </p>
   </div>
   <div class='ocr_carea' id='block_1_2' title="bbox 522 914 1488 4457">
    <p class='ocr_par' dir='ltr' id='par_1_2' title="bbox 522 914 1488 4457">
     <span class='ocr_line' id='line_1_2' title="bbox 542 914 1488 1000; baseline 0.003 -21"><span class='ocrx_word' id='word_1_6' title='bbox 542 929 626 990; x_wconf 89' lang='lat' dir='ltr'><strong>sunt,</strong></span> <span class='ocrx_word' id='word_1_7' title='bbox 640 916 749 1000; x_wconf 91' lang='lat' dir='ltr'><strong>pietati</strong></span> <span class='ocrx_word' id='word_1_8' title='bbox 762 914 879 979; x_wconf 89' lang='lat' dir='ltr'><strong>debent</strong></span> <span class='ocrx_word' id='word_1_9' title='bbox 889 927 921 978; x_wconf 91' lang='lat' dir='ltr'><strong>et</strong></span> <span class='ocrx_word' id='word_1_10' title='bbox 931 914 1004 978; x_wconf 85' lang='lat' dir='ltr'><strong>fidei</strong></span> <span class='ocrx_word' id='word_1_11' title='bbox 1016 919 1205 982; x_wconf 83' lang='lat' dir='ltr'><strong>consecrari.</strong></span> <span class='ocrx_word' id='word_1_12' title='bbox 1252 916 1415 984; x_wconf 79' lang='lat' dir='ltr'><strong>Caeterum</strong></span> <span class='ocrx_word' id='word_1_13' title='bbox 1426 919 1488 982; x_wconf 78' lang='lat' dir='ltr'><strong>hac</strong></span> 
     </span>
     <span class='ocr_line' id='line_1_3' title="bbox 539 1015 1488 1104; baseline 0.001 -23"><span class='ocrx_word' id='word_1_14' title='bbox 539 1015 755 1084; x_wconf 79' lang='lat' dir='ltr'><strong>ambitiosiora</strong></span> <span class='ocrx_word' id='word_1_15' title='bbox 784 1028 870 1091; x_wconf 91' lang='lat' dir='ltr'><strong>sunt,</strong></span> <span class='ocrx_word' id='word_1_16' title='bbox 901 1027 933 1079; x_wconf 91' lang='lat' dir='ltr'><strong>et</strong></span> <span class='ocrx_word' id='word_1_17' title='bbox 962 1015 1028 1094; x_wconf 85' lang='lat' dir='ltr'><strong>vix,</strong></span> <span class='ocrx_word' id='word_1_18' title='bbox 1056 1029 1112 1082; x_wconf 88' lang='lat' dir='ltr'><strong>aut</strong></span> <span class='ocrx_word' id='word_1_19' title='bbox 1141 1039 1307 1102; x_wconf 88' lang='lat' dir='ltr'><strong>nunquam</strong></span> <span class='ocrx_word' id='word_1_20' title='bbox 1338 1020 1438 1104; x_wconf 79' lang='lat' dir='ltr'><strong>gratis</strong></span> <span class='ocrx_word' id='word_1_21' title='bbox 1459 1019 1488 1083; x_wconf 91' lang='lat' dir='ltr'><strong>in</strong></span> 
     </span>
     <span class='ocr_line' id='line_1_4' title="bbox 539 1116 1488 1206; baseline 0.004 -24"><span class='ocrx_word' id='word_1_22' title='bbox 539 1118 677 1203; x_wconf 81' lang='lat' dir='ltr'>aliquem</span> <span class='ocrx_word' id='word_1_23' title='bbox 701 1118 830 1183; x_wconf 89' lang='lat' dir='ltr'><strong>cadunt.</strong></span> <span class='ocrx_word' id='word_1_24' title='bbox 877 1116 937 1180; x_wconf 87' lang='lat' dir='ltr'><strong>Sed</strong></span> <span class='ocrx_word' id='word_1_25' title='bbox 955 1131 1104 1203; x_wconf 86' lang='lat' dir='ltr'><strong>poterunt</strong></span> <span class='ocrx_word' id='word_1_26' title='bbox 1122 1119 1161 1182; x_wconf 90' lang='lat' dir='ltr'><strong>de</strong></span> <span class='ocrx_word' id='word_1_27' title='bbox 1177 1118 1238 1196; x_wconf 89' lang='lat' dir='ltr'><strong>his,</strong></span> <span class='ocrx_word' id='word_1_28' title='bbox 1263 1144 1339 1206; x_wconf 83' lang='lat' dir='ltr'><strong>quoe</strong></span> <span class='ocrx_word' id='word_1_29' title='bbox 1362 1122 1488 1186; x_wconf 84' lang='lat' dir='ltr'><strong>suntab</strong></span> 
     </span>
     <span class='ocr_line' id='line_1_5' title="bbox 538 1217 1487 1304; baseline 0.002 -20"><span class='ocrx_word' id='word_1_30' title='bbox 538 1222 739 1285; x_wconf 89' lang='lat' dir='ltr'><strong>institutione</strong></span> <span class='ocrx_word' id='word_1_31' title='bbox 766 1217 898 1304; x_wconf 84' lang='lat' dir='ltr'><strong>Trajani</strong></span> <span class='ocrx_word' id='word_1_32' title='bbox 923 1218 1069 1303; x_wconf 88' lang='lat' dir='ltr'><strong>superins</strong></span> <span class='ocrx_word' id='word_1_33' title='bbox 1097 1219 1194 1298; x_wconf 83' lang='lat' dir='ltr'><strong>dicta,</strong></span> <span class='ocrx_word' id='word_1_34' title='bbox 1224 1222 1381 1286; x_wconf 87' lang='lat' dir='ltr'><strong>sufficere.</strong></span> <span class='ocrx_word' id='word_1_35' title='bbox 1426 1225 1487 1286; x_wconf 88' lang='lat' dir='ltr'><strong>Do·</strong></span> 
     </span>
     <span class='ocr_line' id='line_1_6' title="bbox 539 1321 1486 1410; baseline 0.001 -24"><span class='ocrx_word' id='word_1_36' title='bbox 539 1324 683 1386; x_wconf 90' lang='lat' dir='ltr'><strong>mesticas</strong></span> <span class='ocrx_word' id='word_1_37' title='bbox 691 1322 895 1393; x_wconf 84' lang='lat' dir='ltr'><strong>calamitates,</strong></span> <span class='ocrx_word' id='word_1_38' title='bbox 909 1334 941 1385; x_wconf 88' lang='lat' dir='ltr'><strong>ct</strong></span> <span class='ocrx_word' id='word_1_39' title='bbox 951 1321 1124 1386; x_wconf 85' lang='lat' dir='ltr'><strong>thalamum</strong></span> <span class='ocrx_word' id='word_1_40' title='bbox 1136 1323 1300 1407; x_wconf 70' lang='lat' dir='ltr'><strong>sapientiae</strong></span> <span class='ocrx_word' id='word_1_41' title='bbox 1310 1324 1486 1410; x_wconf 85' lang='lat' dir='ltr'><strong>expositum</strong></span> 
     </span>
     <span class='ocr_line' id='line_1_7' title="bbox 537 1422 1486 1499; baseline 0 -10"><span class='ocrx_word' id='word_1_42' title='bbox 537 1424 794 1498; x_wconf 83' lang='lat' dir='ltr'><strong>fornicatoribus,</strong></span> <span class='ocrx_word' id='word_1_43' title='bbox 822 1438 855 1485; x_wconf 90' lang='lat' dir='ltr'><strong>et</strong></span> <span class='ocrx_word' id='word_1_44' title='bbox 885 1422 1055 1487; x_wconf 79' lang='lat' dir='ltr'><strong>sanctuarii</strong></span> <span class='ocrx_word' id='word_1_45' title='bbox 1086 1424 1245 1487; x_wconf 85' lang='lat' dir='ltr'><strong>interioris</strong></span> <span class='ocrx_word' id='word_1_46' title='bbox 1266 1448 1437 1499; x_wconf 85' lang='lat' dir='ltr'><strong>recessum,</strong></span> <span class='ocrx_word' id='word_1_47' title='bbox 1457 1426 1486 1489; x_wconf 91' lang='lat' dir='ltr'><strong>in</strong></span> 
     </span>
     <span class='ocr_line' id='line_1_8' title="bbox 538 1525 1486 1613; baseline -0.001 -21"><span class='ocrx_word' id='word_1_48' title='bbox 538 1527 748 1613; x_wconf 92' lang='lat' dir='ltr'><strong>prostibulum</strong></span> <span class='ocrx_word' id='word_1_49' title='bbox 771 1539 1002 1612; x_wconf 89' lang='lat' dir='ltr'><strong>permutatum,</strong></span> <span class='ocrx_word' id='word_1_50' title='bbox 1025 1526 1091 1589; x_wconf 84' lang='lat' dir='ltr'><strong>sine</strong></span> <span class='ocrx_word' id='word_1_51' title='bbox 1119 1525 1241 1608; x_wconf 84' lang='lat' dir='ltr'><strong>gemitu</strong></span> <span class='ocrx_word' id='word_1_52' title='bbox 1265 1540 1298 1591; x_wconf 82' lang='lat' dir='ltr'><strong>et</strong></span> <span class='ocrx_word' id='word_1_53' title='bbox 1320 1527 1486 1613; x_wconf 71' lang='lat' dir='ltr'><strong>lachrymis</strong></span> 
     </span>
     <span class='ocr_line' id='line_1_9' title="bbox 538 1625 1486 1714; baseline 0.001 -22"><span class='ocrx_word' id='word_1_54' title='bbox 538 1651 662 1714; x_wconf 84' lang='lat' dir='ltr'>nequeo</span> <span class='ocrx_word' id='word_1_55' title='bbox 683 1627 857 1713; x_wconf 87' lang='lat' dir='ltr'><strong>deplorare.</strong></span> <span class='ocrx_word' id='word_1_56' title='bbox 904 1625 1028 1689; x_wconf 89' lang='lat' dir='ltr'><strong>Domus</strong></span> <span class='ocrx_word' id='word_1_57' title='bbox 1050 1649 1187 1712; x_wconf 83' lang='lat' dir='ltr'><strong>namque</strong></span> <span class='ocrx_word' id='word_1_58' title='bbox 1208 1629 1374 1702; x_wconf 84' lang='lat' dir='ltr'><strong>orationis,</strong></span> <span class='ocrx_word' id='word_1_59' title='bbox 1399 1651 1486 1714; x_wconf 69' lang='lat' dir='ltr'><strong>nega</strong></span> 
     </span>
     <span class='ocr_line' id='line_1_10' title="bbox 539 1727 1485 1814; baseline 0 -19"><span class='ocrx_word' id='word_1_60' title='bbox 539 1731 690 1805; x_wconf 71' lang='lat' dir='ltr'><strong>tintinnis,</strong></span> <span class='ocrx_word' id='word_1_61' title='bbox 723 1730 862 1794; x_wconf 91' lang='lat' dir='ltr'><strong>Domino</strong></span> <span class='ocrx_word' id='word_1_62' title='bbox 892 1727 1092 1814; x_wconf 90' lang='lat' dir='ltr'><strong>prohibente,</strong></span> <span class='ocrx_word' id='word_1_63' title='bbox 1116 1729 1200 1793; x_wconf 79' lang='lat' dir='ltr'><strong>t‘acta</strong></span> <span class='ocrx_word' id='word_1_64' title='bbox 1222 1745 1271 1794; x_wconf 84' lang='lat' dir='ltr'><strong>est</strong></span> <span class='ocrx_word' id='word_1_65' title='bbox 1296 1731 1435 1805; x_wconf 87' lang='lat' dir='ltr'><strong>domus;</strong></span> <span class='ocrx_word' id='word_1_66' title='bbox 1456 1745 1485 1796; x_wconf 89' lang='lat' dir='ltr'><strong>et</strong></span> 
     </span>
     <span class='ocr_line' id='line_1_11' title="bbox 539 1829 1483 1917; baseline 0 -21"><span class='ocrx_word' id='word_1_67' title='bbox 539 1833 693 1917; x_wconf 84' lang='lat' dir='ltr'><strong>templum</strong></span> <span class='ocrx_word' id='word_1_68' title='bbox 719 1831 887 1897; x_wconf 83' lang='lat' dir='ltr'><strong>fundatum</strong></span> <span class='ocrx_word' id='word_1_69' title='bbox 912 1829 1067 1914; x_wconf 82' lang='lat' dir='ltr'><strong>inlepide</strong></span> <span class='ocrx_word' id='word_1_70' title='bbox 1092 1829 1256 1916; x_wconf 88' lang='lat' dir='ltr'><strong>adjutorii,</strong></span> <span class='ocrx_word' id='word_1_71' title='bbox 1271 1832 1303 1896; x_wconf 92' lang='lat' dir='ltr'><strong>in</strong></span> <span class='ocrx_word' id='word_1_72' title='bbox 1330 1833 1483 1898; x_wconf 81' lang='lat' dir='ltr'><strong>latronum</strong></span> 
     </span>
     <span class='ocr_line' id='line_1_12' title="bbox 537 1932 1483 2020; baseline -0.001 -21"><span class='ocrx_word' id='word_1_73' title='bbox 537 1934 716 2020; x_wconf 73' lang='lat' dir='ltr'><strong>speluncam</strong></span> <span class='ocrx_word' id='word_1_74' title='bbox 735 1956 859 1996; x_wconf 88' lang='lat' dir='ltr'><strong>versum</strong></span> <span class='ocrx_word' id='word_1_75' title='bbox 875 1946 934 2000; x_wconf 87' lang='lat' dir='ltr'><strong>est.</strong></span> <span class='ocrx_word' id='word_1_76' title='bbox 979 1932 1143 2018; x_wconf 88' lang='lat' dir='ltr'><strong>Siquidem</strong></span> <span class='ocrx_word' id='word_1_77' title='bbox 1154 1933 1286 1998; x_wconf 88' lang='lat' dir='ltr'><strong>ecclesia</strong></span> <span class='ocrx_word' id='word_1_78' title='bbox 1300 1935 1380 2000; x_wconf 84' lang='lat' dir='ltr'><strong>data</strong></span> <span class='ocrx_word' id='word_1_79' title='bbox 1394 1949 1441 2000; x_wconf 86' lang='lat' dir='ltr'><strong>est</strong></span> <span class='ocrx_word' id='word_1_80' title='bbox 1455 1937 1483 1998; x_wconf 88' lang='lat' dir='ltr'><strong>in</strong></span> 
     </span>
     <span class='ocr_line' id='line_1_13' title="bbox 535 2033 1483 2121; baseline -0.001 -19"><span class='ocrx_word' id='word_1_81' title='bbox 535 2037 756 2119; x_wconf 80' lang='lat' dir='ltr'><strong>direptionem,</strong></span> <span class='ocrx_word' id='word_1_82' title='bbox 771 2034 841 2098; x_wconf 85' lang='lat' dir='ltr'><strong>aliis</strong></span> <span class='ocrx_word' id='word_1_83' title='bbox 856 2033 972 2120; x_wconf 88' lang='lat' dir='ltr'><strong>palam,</strong></span> <span class='ocrx_word' id='word_1_84' title='bbox 984 2034 1052 2098; x_wconf 82' lang='lat' dir='ltr'><strong>aliis</strong></span> <span class='ocrx_word' id='word_1_85' title='bbox 1066 2034 1147 2100; x_wconf 91' lang='lat' dir='ltr'><strong>clam</strong></span> <span class='ocrx_word' id='word_1_86' title='bbox 1158 2037 1396 2121; x_wconf 70' lang='lat' dir='ltr'><strong>occupantibus</strong></span> <span class='ocrx_word' id='word_1_87' title='bbox 1409 2061 1483 2101; x_wconf 83' lang='lat' dir='ltr'><strong>eam.</strong></span> 
     </span>
     <span class='ocr_line' id='line_1_14' title="bbox 535 2135 1480 2224; baseline 0.003 -24"><span class='ocrx_word' id='word_1_88' title='bbox 535 2140 617 2201; x_wconf 84' lang='lat' dir='ltr'><strong>Nam</strong></span> <span class='ocrx_word' id='word_1_89' title='bbox 641 2150 672 2200; x_wconf 89' lang='lat' dir='ltr'><strong>et</strong></span> <span class='ocrx_word' id='word_1_90' title='bbox 694 2137 763 2220; x_wconf 91' lang='lat' dir='ltr'><strong>ipsa</strong></span> <span class='ocrx_word' id='word_1_91' title='bbox 777 2135 948 2220; x_wconf 82' lang='lat' dir='ltr'><strong>occupanti</strong></span> <span class='ocrx_word' id='word_1_92' title='bbox 970 2136 1165 2215; x_wconf 85' lang='lat' dir='ltr'><strong>conceditur,</strong></span> <span class='ocrx_word' id='word_1_93' title='bbox 1187 2161 1225 2200; x_wconf 89' lang='lat' dir='ltr'><strong>eo</strong></span> <span class='ocrx_word' id='word_1_94' title='bbox 1242 2138 1328 2202; x_wconf 85' lang='lat' dir='ltr'><strong>sorte</strong></span> <span class='ocrx_word' id='word_1_95' title='bbox 1352 2139 1480 2224; x_wconf 81' lang='lat' dir='ltr'><strong>quodie</strong></span> 
     </span>
     <span class='ocr_line' id='line_1_15' title="bbox 533 2238 1481 2327; baseline 0.004 -26"><span class='ocrx_word' id='word_1_96' title='bbox 533 2238 653 2302; x_wconf 90' lang='lat' dir='ltr'><strong>nullius</strong></span> <span class='ocrx_word' id='word_1_97' title='bbox 674 2238 765 2303; x_wconf 87' lang='lat' dir='ltr'><strong>bonis</strong></span> <span class='ocrx_word' id='word_1_98' title='bbox 787 2253 845 2300; x_wconf 89' lang='lat' dir='ltr'><strong>est.</strong></span> <span class='ocrx_word' id='word_1_99' title='bbox 892 2241 965 2302; x_wconf 95' lang='lat' dir='ltr'><strong>Non</strong></span> <span class='ocrx_word' id='word_1_100' title='bbox 989 2254 1036 2301; x_wconf 90' lang='lat' dir='ltr'><strong>est</strong></span> <span class='ocrx_word' id='word_1_101' title='bbox 1056 2239 1139 2302; x_wconf 88' lang='lat' dir='ltr'><strong>enim</strong></span> <span class='ocrx_word' id='word_1_102' title='bbox 1162 2239 1324 2321; x_wconf 80' lang='lat' dir='ltr'><strong>inventus,</strong></span> <span class='ocrx_word' id='word_1_103' title='bbox 1340 2241 1400 2304; x_wconf 87' lang='lat' dir='ltr'><strong>nisi</strong></span> <span class='ocrx_word' id='word_1_104' title='bbox 1415 2264 1481 2327; x_wconf 86' lang='lat' dir='ltr'><strong>per·</strong></span> 
     </span>
     <span class='ocr_line' id='line_1_16' title="bbox 533 2339 1481 2426; baseline 0.003 -22"><span class='ocrx_word' id='word_1_105' title='bbox 533 2363 633 2413; x_wconf 87' lang='lat' dir='ltr'><strong>rarus,</strong></span> <span class='ocrx_word' id='word_1_106' title='bbox 657 2339 713 2423; x_wconf 93' lang='lat' dir='ltr'><strong>qui</strong></span> <span class='ocrx_word' id='word_1_107' title='bbox 729 2339 914 2423; x_wconf 78' lang='lat' dir='ltr'><strong>accingatur</strong></span> <span class='ocrx_word' id='word_1_108' title='bbox 936 2339 1044 2423; x_wconf 88' lang='lat' dir='ltr'><strong>gladio</strong></span> <span class='ocrx_word' id='word_1_109' title='bbox 1067 2363 1163 2426; x_wconf 87' lang='lat' dir='ltr'><strong>super</strong></span> <span class='ocrx_word' id='word_1_110' title='bbox 1185 2341 1292 2405; x_wconf 80' lang='lat' dir='ltr'><strong>femur</strong></span> <span class='ocrx_word' id='word_1_111' title='bbox 1314 2365 1422 2419; x_wconf 79' lang='lat' dir='ltr'><strong>suum,</strong></span> <span class='ocrx_word' id='word_1_112' title='bbox 1444 2344 1481 2408; x_wconf 83' lang='lat' dir='ltr'><strong>ad</strong></span> 
     </span>
     <span class='ocr_line' id='line_1_17' title="bbox 532 2440 1481 2532; baseline 0.003 -27"><span class='ocrx_word' id='word_1_113' title='bbox 532 2442 791 2527; x_wconf 75' lang='lat' dir='ltr'><strong>praesumtionem</strong></span> <span class='ocrx_word' id='word_1_114' title='bbox 807 2440 991 2505; x_wconf 87' lang='lat' dir='ltr'><strong>ambitionis</strong></span> <span class='ocrx_word' id='word_1_115' title='bbox 1003 2442 1246 2525; x_wconf 87' lang='lat' dir='ltr'><strong>reprimendam.</strong></span> <span class='ocrx_word' id='word_1_116' title='bbox 1273 2443 1336 2507; x_wconf 91' lang='lat' dir='ltr'><strong>Illa</strong></span> <span class='ocrx_word' id='word_1_117' title='bbox 1349 2467 1481 2532; x_wconf 90' lang='lat' dir='ltr'><strong>namque</strong></span> 
     </span>
     <span class='ocr_line' id='line_1_18' title="bbox 533 2541 1482 2630; baseline 0.004 -23"><span class='ocrx_word' id='word_1_118' title='bbox 533 2543 693 2612; x_wconf 85' lang='lat' dir='ltr'><strong>machinas</strong></span> <span class='ocrx_word' id='word_1_119' title='bbox 708 2541 901 2628; x_wconf 79' lang='lat' dir='ltr'><strong>multiplices</strong></span> <span class='ocrx_word' id='word_1_120' title='bbox 916 2543 1021 2627; x_wconf 88' lang='lat' dir='ltr'><strong>erigit,</strong></span> <span class='ocrx_word' id='word_1_121' title='bbox 1038 2557 1075 2607; x_wconf 88' lang='lat' dir='ltr'><strong>ut</strong></span> <span class='ocrx_word' id='word_1_122' title='bbox 1096 2567 1164 2608; x_wconf 89' lang='lat' dir='ltr'><strong>eam</strong></span> <span class='ocrx_word' id='word_1_123' title='bbox 1180 2560 1348 2630; x_wconf 81' lang='lat' dir='ltr'><strong>expugnet</strong></span> <span class='ocrx_word' id='word_1_124' title='bbox 1362 2548 1482 2610; x_wconf 86' lang='lat' dir='ltr'><strong>nemine</strong></span> 
     </span>
     <span class='ocr_line' id='line_1_19' title="bbox 532 2645 1478 2727; baseline 0.004 -18"><span class='ocrx_word' id='word_1_125' title='bbox 532 2646 731 2711; x_wconf 79' lang='lat' dir='ltr'><strong>defendente.</strong></span> <span class='ocrx_word' id='word_1_126' title='bbox 777 2645 870 2710; x_wconf 82' lang='lat' dir='ltr'><strong>Alius</strong></span> <span class='ocrx_word' id='word_1_127' title='bbox 892 2646 974 2711; x_wconf 89' lang='lat' dir='ltr'><strong>euim</strong></span> <span class='ocrx_word' id='word_1_128' title='bbox 998 2646 1039 2709; x_wconf 91' lang='lat' dir='ltr'><strong>de</strong></span> <span class='ocrx_word' id='word_1_129' title='bbox 1063 2646 1228 2711; x_wconf 90' lang='lat' dir='ltr'><strong>nobilitate</strong></span> <span class='ocrx_word' id='word_1_130' title='bbox 1250 2647 1402 2727; x_wconf 82' lang='lat' dir='ltr'><strong>confisus,</strong></span> <span class='ocrx_word' id='word_1_131' title='bbox 1426 2662 1478 2713; x_wconf 82' lang='lat' dir='ltr'><strong>aut</strong></span> 
     </span>
     <span class='ocr_line' id='line_1_20' title="bbox 533 2748 1479 2835; baseline 0.003 -24"><span class='ocrx_word' id='word_1_132' title='bbox 533 2749 655 2813; x_wconf 86' lang='lat' dir='ltr'><strong>viribus</strong></span> <span class='ocrx_word' id='word_1_133' title='bbox 676 2760 884 2835; x_wconf 84' lang='lat' dir='ltr'><strong>potestatum,</strong></span> <span class='ocrx_word' id='word_1_134' title='bbox 909 2748 1062 2811; x_wconf 88' lang='lat' dir='ltr'><strong>violenter</strong></span> <span class='ocrx_word' id='word_1_135' title='bbox 1083 2749 1116 2810; x_wconf 91' lang='lat' dir='ltr'><strong>in</strong></span> <span class='ocrx_word' id='word_1_136' title='bbox 1140 2765 1251 2812; x_wconf 85' lang='lat' dir='ltr'><strong>sancta</strong></span> <span class='ocrx_word' id='word_1_137' title='bbox 1273 2750 1382 2826; x_wconf 92' lang='lat' dir='ltr'><strong>irruit,</strong></span> <span class='ocrx_word' id='word_1_138' title='bbox 1404 2765 1435 2814; x_wconf 90' lang='lat' dir='ltr'><strong>et</strong></span> <span class='ocrx_word' id='word_1_139' title='bbox 1457 2750 1479 2813; x_wconf 87' lang='lat' dir='ltr'><strong>si</strong></span> 
     </span>
     <span class='ocr_line' id='line_1_21' title="bbox 531 2849 1480 2936; baseline 0.001 -22"><span class='ocrx_word' id='word_1_140' title='bbox 531 2851 613 2916; x_wconf 85' lang='lat' dir='ltr'><strong>forte</strong></span> <span class='ocrx_word' id='word_1_141' title='bbox 628 2852 735 2936; x_wconf 89' lang='lat' dir='ltr'><strong>pulsat</strong></span> <span class='ocrx_word' id='word_1_142' title='bbox 750 2851 789 2913; x_wconf 86' lang='lat' dir='ltr'><strong>ad</strong></span> <span class='ocrx_word' id='word_1_143' title='bbox 805 2852 934 2926; x_wconf 87' lang='lat' dir='ltr'><strong>ostium,</strong></span> <span class='ocrx_word' id='word_1_144' title='bbox 955 2850 1107 2934; x_wconf 89' lang='lat' dir='ltr'><strong>parictem</strong></span> <span class='ocrx_word' id='word_1_145' title='bbox 1127 2865 1184 2914; x_wconf 89' lang='lat' dir='ltr'><strong>aut</strong></span> <span class='ocrx_word' id='word_1_146' title='bbox 1200 2849 1312 2914; x_wconf 88' lang='lat' dir='ltr'><strong>limina</strong></span> <span class='ocrx_word' id='word_1_147' title='bbox 1327 2851 1480 2915; x_wconf 87' lang='lat' dir='ltr'><strong>suffodere</strong></span> 
     </span>
     <span class='ocr_line' id='line_1_22' title="bbox 531 2951 1477 3038; baseline 0.002 -24"><span class='ocrx_word' id='word_1_148' title='bbox 531 2975 592 3015; x_wconf 93' lang='lat' dir='ltr'><strong>non</strong></span> <span class='ocrx_word' id='word_1_149' title='bbox 607 2968 740 3017; x_wconf 85' lang='lat' dir='ltr'><strong>veretur.</strong></span> <span class='ocrx_word' id='word_1_150' title='bbox 767 2955 846 3018; x_wconf 90' lang='lat' dir='ltr'><strong>Nam</strong></span> <span class='ocrx_word' id='word_1_151' title='bbox 860 2967 891 3016; x_wconf 90' lang='lat' dir='ltr'><strong>et</strong></span> <span class='ocrx_word' id='word_1_152' title='bbox 904 2952 1090 3016; x_wconf 80' lang='lat' dir='ltr'><strong>seditionem</strong></span> <span class='ocrx_word' id='word_1_153' title='bbox 1102 2951 1274 3016; x_wconf 88' lang='lat' dir='ltr'><strong>concitabit</strong></span> <span class='ocrx_word' id='word_1_154' title='bbox 1286 2956 1318 3016; x_wconf 93' lang='lat' dir='ltr'><strong>in</strong></span> <span class='ocrx_word' id='word_1_155' title='bbox 1334 2955 1477 3038; x_wconf 87' lang='lat' dir='ltr'><strong>Moysen,</strong></span> 
     </span>
     <span class='ocr_line' id='line_1_23' title="bbox 530 3052 1478 3138; baseline -0.002 -19"><span class='ocrx_word' id='word_1_156' title='bbox 530 3069 561 3119; x_wconf 90' lang='lat' dir='ltr'><strong>et</strong></span> <span class='ocrx_word' id='word_1_157' title='bbox 575 3055 711 3119; x_wconf 91' lang='lat' dir='ltr'><strong>alienum</strong></span> <span class='ocrx_word' id='word_1_158' title='bbox 725 3057 827 3138; x_wconf 82' lang='lat' dir='ltr'><strong>iguem</strong></span> <span class='ocrx_word' id='word_1_159' title='bbox 839 3055 871 3119; x_wconf 89' lang='lat' dir='ltr'><strong>in</strong></span> <span class='ocrx_word' id='word_1_160' title='bbox 883 3053 1038 3138; x_wconf 88' lang='lat' dir='ltr'><strong>templum</strong></span> <span class='ocrx_word' id='word_1_161' title='bbox 1050 3052 1175 3130; x_wconf 85' lang='lat' dir='ltr'><strong>inferet,</strong></span> <span class='ocrx_word' id='word_1_162' title='bbox 1186 3064 1219 3117; x_wconf 87' lang='lat' dir='ltr'><strong>et</strong></span> <span class='ocrx_word' id='word_1_163' title='bbox 1229 3077 1303 3118; x_wconf 85' lang='lat' dir='ltr'><strong>vasa</strong></span> <span class='ocrx_word' id='word_1_164' title='bbox 1313 3055 1478 3119; x_wconf 87' lang='lat' dir='ltr'><strong>sanctuarii</strong></span> 
     </span>
     <span class='ocr_line' id='line_1_24' title="bbox 528 3155 1477 3241; baseline 0.001 -22"><span class='ocrx_word' id='word_1_165' title='bbox 528 3158 766 3222; x_wconf 84' lang='lat' dir='ltr'><strong>contaminabit.</strong></span> <span class='ocrx_word' id='word_1_166' title='bbox 788 3158 878 3222; x_wconf 82' lang='lat' dir='ltr'><strong>Alius</strong></span> <span class='ocrx_word' id='word_1_167' title='bbox 887 3178 1016 3241; x_wconf 87' lang='lat' dir='ltr'><strong>sperans</strong></span> <span class='ocrx_word' id='word_1_168' title='bbox 1027 3156 1057 3218; x_wconf 89' lang='lat' dir='ltr'><strong>in</strong></span> <span class='ocrx_word' id='word_1_169' title='bbox 1070 3155 1477 3232; x_wconf 76' lang='lat' dir='ltr'><strong>multitudinedivitiarum</strong></span> 
     </span>
     <span class='ocr_line' id='line_1_25' title="bbox 530 3258 1477 3345; baseline 0.002 -24"><span class='ocrx_word' id='word_1_170' title='bbox 530 3259 657 3323; x_wconf 91' lang='lat' dir='ltr'><strong>Simone</strong></span> <span class='ocrx_word' id='word_1_171' title='bbox 668 3259 804 3323; x_wconf 86' lang='lat' dir='ltr'><strong>ducente</strong></span> <span class='ocrx_word' id='word_1_172' title='bbox 817 3259 1007 3342; x_wconf 84' lang='lat' dir='ltr'><strong>ingreditur,</strong></span> <span class='ocrx_word' id='word_1_173' title='bbox 1024 3280 1085 3321; x_wconf 90' lang='lat' dir='ltr'><strong>non</strong></span> <span class='ocrx_word' id='word_1_174' title='bbox 1097 3258 1257 3322; x_wconf 87' lang='lat' dir='ltr'><strong>inveniens</strong></span> <span class='ocrx_word' id='word_1_175' title='bbox 1273 3258 1329 3339; x_wconf 89' lang='lat' dir='ltr'><strong>ibi,</strong></span> <span class='ocrx_word' id='word_1_176' title='bbox 1341 3260 1399 3345; x_wconf 89' lang='lat' dir='ltr'><strong>qui</strong></span> <span class='ocrx_word' id='word_1_177' title='bbox 1408 3281 1477 3323; x_wconf 88' lang='lat' dir='ltr'><strong>eum</strong></span> 
     </span>
     <span class='ocr_line' id='line_1_26' title="bbox 527 3359 1478 3445; baseline 0 -23"><span class='ocrx_word' id='word_1_178' title='bbox 527 3376 559 3424; x_wconf 90' lang='lat' dir='ltr'><strong>et</strong></span> <span class='ocrx_word' id='word_1_179' title='bbox 575 3361 740 3445; x_wconf 83' lang='lat' dir='ltr'><strong>pecuniam</strong></span> <span class='ocrx_word' id='word_1_180' title='bbox 757 3383 845 3423; x_wconf 85' lang='lat' dir='ltr'><strong>suam</strong></span> <span class='ocrx_word' id='word_1_181' title='bbox 853 3361 969 3444; x_wconf 89' lang='lat' dir='ltr'><strong>jubeat</strong></span> <span class='ocrx_word' id='word_1_182' title='bbox 984 3359 1029 3424; x_wconf 90' lang='lat' dir='ltr'><strong>ire</strong></span> <span class='ocrx_word' id='word_1_183' title='bbox 1044 3361 1075 3423; x_wconf 95' lang='lat' dir='ltr'><strong>in</strong></span> <span class='ocrx_word' id='word_1_184' title='bbox 1089 3361 1311 3444; x_wconf 83' lang='lat' dir='ltr'><strong>perditionem.</strong></span> <span class='ocrx_word' id='word_1_185' title='bbox 1345 3361 1438 3426; x_wconf 82' lang='lat' dir='ltr'><strong>Alius</strong></span> <span class='ocrx_word' id='word_1_186' title='bbox 1449 3360 1478 3423; x_wconf 91' lang='lat' dir='ltr'><strong>in</strong></span> 
     </span>
     <span class='ocr_line' id='line_1_27' title="bbox 527 3459 1478 3540; baseline -0.002 -16"><span class='ocrx_word' id='word_1_187' title='bbox 527 3459 710 3524; x_wconf 86' lang='lat' dir='ltr'><strong>muneribus</strong></span> <span class='ocrx_word' id='word_1_188' title='bbox 733 3459 771 3523; x_wconf 82' lang='lat' dir='ltr'><strong>ad</strong></span> <span class='ocrx_word' id='word_1_189' title='bbox 798 3462 928 3524; x_wconf 89' lang='lat' dir='ltr'><strong>Petrum</strong></span> <span class='ocrx_word' id='word_1_190' title='bbox 952 3459 1139 3526; x_wconf 85' lang='lat' dir='ltr'><strong>reformidat</strong></span> <span class='ocrx_word' id='word_1_191' title='bbox 1164 3459 1324 3540; x_wconf 86' lang='lat' dir='ltr'><strong>accedere,</strong></span> <span class='ocrx_word' id='word_1_192' title='bbox 1340 3459 1478 3525; x_wconf 88' lang='lat' dir='ltr'><strong>clanculo</strong></span> 
     </span>
     <span class='ocr_line' id='line_1_28' title="bbox 527 3557 1478 3646; baseline 0.001 -25"><span class='ocrx_word' id='word_1_193' title='bbox 527 3572 630 3621; x_wconf 88' lang='lat' dir='ltr'><strong>tamen</strong></span> <span class='ocrx_word' id='word_1_194' title='bbox 648 3579 703 3641; x_wconf 90' lang='lat' dir='ltr'><strong>pcr</strong></span> <span class='ocrx_word' id='word_1_195' title='bbox 719 3557 909 3641; x_wconf 90' lang='lat' dir='ltr'><strong>impluvium</strong></span> <span class='ocrx_word' id='word_1_196' title='bbox 926 3560 1007 3634; x_wconf 87' lang='lat' dir='ltr'><strong>auri,</strong></span> <span class='ocrx_word' id='word_1_197' title='bbox 1023 3582 1059 3624; x_wconf 91' lang='lat' dir='ltr'><strong>ae</strong></span> <span class='ocrx_word' id='word_1_198' title='bbox 1078 3559 1103 3622; x_wconf 89' lang='lat' dir='ltr'><strong>si</strong></span> <span class='ocrx_word' id='word_1_199' title='bbox 1123 3583 1181 3644; x_wconf 89' lang='lat' dir='ltr'><strong>per</strong></span> <span class='ocrx_word' id='word_1_200' title='bbox 1203 3559 1330 3643; x_wconf 85' lang='lat' dir='ltr'><strong>tegulas</strong></span> <span class='ocrx_word' id='word_1_201' title='bbox 1352 3559 1478 3646; x_wconf 87' lang='lat' dir='ltr'><strong>Jupiter</strong></span> 
     </span>
     <span class='ocr_line' id='line_1_29' title="bbox 525 3658 1475 3741; baseline 0.003 -20"><span class='ocrx_word' id='word_1_202' title='bbox 525 3658 670 3723; x_wconf 89' lang='lat' dir='ltr'><strong>elabatur</strong></span> <span class='ocrx_word' id='word_1_203' title='bbox 688 3659 718 3722; x_wconf 89' lang='lat' dir='ltr'><strong>in</strong></span> <span class='ocrx_word' id='word_1_204' title='bbox 742 3659 898 3741; x_wconf 86' lang='lat' dir='ltr'><strong>gremium</strong></span> <span class='ocrx_word' id='word_1_205' title='bbox 927 3661 1064 3736; x_wconf 68' lang='lat' dir='ltr'><strong>Danaes,</strong></span> <span class='ocrx_word' id='word_1_206' title='bbox 1088 3661 1184 3724; x_wconf 87' lang='lat' dir='ltr'><strong>sicin</strong></span> <span class='ocrx_word' id='word_1_207' title='bbox 1209 3662 1313 3724; x_wconf 90' lang='lat' dir='ltr'><strong>sinum</strong></span> <span class='ocrx_word' id='word_1_208' title='bbox 1339 3662 1475 3725; x_wconf 71' lang='lat' dir='ltr'><strong>ecclesie</strong></span> 
     </span>
     <span class='ocr_line' id='line_1_30' title="bbox 524 3760 1476 3850; baseline 0.004 -29"><span class='ocrx_word' id='word_1_209' title='bbox 524 3782 640 3845; x_wconf 86' lang='lat' dir='ltr'><strong>procus</strong></span> <span class='ocrx_word' id='word_1_210' title='bbox 669 3760 831 3825; x_wconf 87' lang='lat' dir='ltr'><strong>descendit</strong></span> <span class='ocrx_word' id='word_1_211' title='bbox 865 3762 1012 3828; x_wconf 85' lang='lat' dir='ltr'><strong>incestus.</strong></span> <span class='ocrx_word' id='word_1_212' title='bbox 1068 3763 1164 3827; x_wconf 81' lang='lat' dir='ltr'><strong>Alius</strong></span> <span class='ocrx_word' id='word_1_213' title='bbox 1192 3762 1352 3849; x_wconf 88' lang='lat' dir='ltr'><strong>obsequio</strong></span> <span class='ocrx_word' id='word_1_214' title='bbox 1388 3762 1476 3850; x_wconf 88' lang='lat' dir='ltr'><strong>quasi</strong></span> 
     </span>
     <span class='ocr_line' id='line_1_31' title="bbox 525 3860 1474 3949; baseline 0.003 -25"><span class='ocrx_word' id='word_1_215' title='bbox 525 3861 664 3925; x_wconf 87' lang='lat' dir='ltr'><strong>muneris</strong></span> <span class='ocrx_word' id='word_1_216' title='bbox 679 3860 818 3945; x_wconf 87' lang='lat' dir='ltr'><strong>ignarus,</strong></span> <span class='ocrx_word' id='word_1_217' title='bbox 834 3862 943 3927; x_wconf 90' lang='lat' dir='ltr'><strong>adest:</strong></span> <span class='ocrx_word' id='word_1_218' title='bbox 977 3887 1013 3927; x_wconf 90' lang='lat' dir='ltr'><strong>ac</strong></span> <span class='ocrx_word' id='word_1_219' title='bbox 1028 3864 1054 3927; x_wconf 85' lang='lat' dir='ltr'><strong>si</strong></span> <span class='ocrx_word' id='word_1_220' title='bbox 1069 3865 1223 3949; x_wconf 87' lang='lat' dir='ltr'><strong>obsequia</strong></span> <span class='ocrx_word' id='word_1_221' title='bbox 1238 3887 1300 3928; x_wconf 92' lang='lat' dir='ltr'><strong>non</strong></span> <span class='ocrx_word' id='word_1_222' title='bbox 1317 3864 1431 3929; x_wconf 86' lang='lat' dir='ltr'><strong>cedant</strong></span> <span class='ocrx_word' id='word_1_223' title='bbox 1446 3865 1474 3927; x_wconf 90' lang='lat' dir='ltr'><strong>in</strong></span> 
     </span>
     <span class='ocr_line' id='line_1_32' title="bbox 524 3964 1475 4051; baseline 0.001 -24"><span class='ocrx_word' id='word_1_224' title='bbox 524 3965 661 4027; x_wconf 82' lang='lat' dir='ltr'><strong>muueris</strong></span> <span class='ocrx_word' id='word_1_225' title='bbox 678 3964 840 4029; x_wconf 88' lang='lat' dir='ltr'><strong>rationem.</strong></span> <span class='ocrx_word' id='word_1_226' title='bbox 877 3966 1026 4029; x_wconf 86' lang='lat' dir='ltr'><strong>Profecto</strong></span> <span class='ocrx_word' id='word_1_227' title='bbox 1039 3965 1162 4029; x_wconf 87' lang='lat' dir='ltr'><strong>nullum</strong></span> <span class='ocrx_word' id='word_1_228' title='bbox 1176 3968 1280 4051; x_wconf 87' lang='lat' dir='ltr'><strong>majus</strong></span> <span class='ocrx_word' id='word_1_229' title='bbox 1291 3981 1339 4031; x_wconf 89' lang='lat' dir='ltr'><strong>est</strong></span> <span class='ocrx_word' id='word_1_230' title='bbox 1352 3989 1475 4043; x_wconf 86' lang='lat' dir='ltr'><strong>munus,</strong></span> 
     </span>
     <span class='ocr_line' id='line_1_33' title="bbox 523 4066 1473 4154; baseline -0.001 -25"><span class='ocrx_word' id='word_1_231' title='bbox 523 4089 619 4154; x_wconf 92' lang='lat' dir='ltr'><strong>quam</strong></span> <span class='ocrx_word' id='word_1_232' title='bbox 638 4090 736 4152; x_wconf 90' lang='lat' dir='ltr'><strong>quum</strong></span> <span class='ocrx_word' id='word_1_233' title='bbox 756 4067 851 4131; x_wconf 91' lang='lat' dir='ltr'><strong>homo</strong></span> <span class='ocrx_word' id='word_1_234' title='bbox 861 4067 1000 4152; x_wconf 85' lang='lat' dir='ltr'><strong>seipsum</strong></span> <span class='ocrx_word' id='word_1_235' title='bbox 1018 4067 1153 4130; x_wconf 89' lang='lat' dir='ltr'><strong>hominis</strong></span> <span class='ocrx_word' id='word_1_236' title='bbox 1167 4067 1303 4131; x_wconf 85' lang='lat' dir='ltr'><strong>devovet</strong></span> <span class='ocrx_word' id='word_1_237' title='bbox 1320 4066 1473 4132; x_wconf 76' lang='lat' dir='ltr'><strong>servituti.</strong></span> 
     </span>
     <span class='ocr_line' id='line_1_34' title="bbox 524 4166 1474 4253; baseline 0 -24"><span class='ocrx_word' id='word_1_238' title='bbox 524 4168 634 4230; x_wconf 79' lang='lat' dir='ltr'><strong>Alium</strong></span> <span class='ocrx_word' id='word_1_239' title='bbox 654 4167 826 4230; x_wconf 86' lang='lat' dir='ltr'><strong>collusione</strong></span> <span class='ocrx_word' id='word_1_240' title='bbox 849 4166 986 4252; x_wconf 82' lang='lat' dir='ltr'><strong>quadam</strong></span> <span class='ocrx_word' id='word_1_241' title='bbox 1005 4169 1146 4232; x_wconf 82' lang='lat' dir='ltr'><strong>vocantis</strong></span> <span class='ocrx_word' id='word_1_242' title='bbox 1161 4168 1335 4232; x_wconf 78' lang='lat' dir='ltr'><strong>liberalitas</strong></span> <span class='ocrx_word' id='word_1_243' title='bbox 1358 4190 1474 4253; x_wconf 83' lang='lat' dir='ltr'><strong>praeve·</strong></span> 
     </span>
     <span class='ocr_line' id='line_1_35' title="bbox 522 4266 1471 4354; baseline -0.001 -23"><span class='ocrx_word' id='word_1_244' title='bbox 522 4273 588 4341; x_wconf 72' lang='lat' dir='ltr'><strong>nit,</strong></span> <span class='ocrx_word' id='word_1_245' title='bbox 619 4267 672 4331; x_wconf 85' lang='lat' dir='ltr'><strong>sed</strong></span> <span class='ocrx_word' id='word_1_246' title='bbox 689 4266 889 4354; x_wconf 90' lang='lat' dir='ltr'><strong>postmodum</strong></span> <span class='ocrx_word' id='word_1_247' title='bbox 907 4267 1054 4330; x_wconf 87' lang='lat' dir='ltr'><strong>collatam</strong></span> <span class='ocrx_word' id='word_1_248' title='bbox 1070 4269 1204 4352; x_wconf 89' lang='lat' dir='ltr'><strong>gratiam</strong></span> <span class='ocrx_word' id='word_1_249' title='bbox 1221 4290 1281 4331; x_wconf 90' lang='lat' dir='ltr'><strong>suo</strong></span> <span class='ocrx_word' id='word_1_250' title='bbox 1297 4269 1393 4333; x_wconf 83' lang='lat' dir='ltr'><strong>Giezi</strong></span> <span class='ocrx_word' id='word_1_251' title='bbox 1409 4267 1471 4353; x_wconf 89' lang='lat' dir='ltr'><strong>ple·</strong></span> 
     </span>
     <span class='ocr_line' id='line_1_36' title="bbox 522 4366 1475 4457; baseline 0.002 -26"><span class='ocrx_word' id='word_1_252' title='bbox 522 4370 594 4431; x_wconf 89' lang='lat' dir='ltr'><strong>nius</strong></span> <span class='ocrx_word' id='word_1_253' title='bbox 609 4369 835 4453; x_wconf 87' lang='lat' dir='ltr'><strong>compensabit.</strong></span> <span class='ocrx_word' id='word_1_254' title='bbox 872 4366 968 4431; x_wconf 87' lang='lat' dir='ltr'><strong>Alius</strong></span> <span class='ocrx_word' id='word_1_255' title='bbox 982 4368 1047 4452; x_wconf 87' lang='lat' dir='ltr'><strong>agit</strong></span> <span class='ocrx_word' id='word_1_256' title='bbox 1066 4391 1104 4432; x_wconf 87' lang='lat' dir='ltr'><strong>ne</strong></span> <span class='ocrx_word' id='word_1_257' title='bbox 1120 4371 1224 4454; x_wconf 85' lang='lat' dir='ltr'><strong>ipsum</strong></span> <span class='ocrx_word' id='word_1_258' title='bbox 1241 4369 1370 4455; x_wconf 88' lang='lat' dir='ltr'><strong>pulsare</strong></span> <span class='ocrx_word' id='word_1_259' title='bbox 1384 4393 1475 4457; x_wconf 90' lang='lat' dir='ltr'><strong>opor·</strong></span> 
     </span>
    </p>
   </div>
   <div class='ocr_carea' id='block_1_3' title="bbox 0 0 1780 5467">
    <p class='ocr_par' dir='ltr' id='par_1_3' title="bbox 0 0 1780 5467">
     <span class='ocr_line' id='line_1_37' title="bbox 0 0 1780 5467; baseline 0 7"><span class='ocrx_word' id='word_1_260' title='bbox 0 0 1780 5467; x_wconf 95' lang='lat' dir='ltr'><strong> </strong></span> 
     </span>
    </p>
   </div>
  </div>
 </body>
</html>
