3550 5467
286 779 362 824 cae.
382 759 471 840 vnn]
642 777 896 823 rocrcaarrcus.
1186 770 1250 827 267

285 943 463 1014 autequam
492 950 604 991 nomen
632 928 836 1014 profiteretur
861 928 1062 1004 alterutrum,
1079 932 1114 995 ¹si
1142 946 1247 997 tamen

288 1032 373 1110 haec,
388 1030 502 1114 religio
517 1030 634 1094 scilicet
650 1044 680 1094 et
703 1030 914 1117 philosophia,
931 1054 1097 1097 numerum
1114 1036 1248 1116 faciunt,

289 1155 396 1220 quum
419 1132 486 1196 sine
504 1130 656 1218 religione
672 1155 764 1196 nemo
786 1146 871 1198 recte
890 1133 995 1198 valeat
1019 1134 1249 1223 philosophari,

289 1233 562 1299 continentissime
578 1235 678 1299 vixit:
703 1257 803 1320 quum
821 1240 851 1300 in
868 1235 1006 1322 aliquem
1022 1239 1158 1321 gradum
1175 1263 1247 1326 pro·

288 1349 400 1400 motus
428 1350 487 1413 est,
514 1349 690 1422 nactusque
723 1338 876 1422 quietem,
907 1338 1019 1424 primm
1050 1354 1080 1404 et
1115 1364 1247 1407 summai

288 1437 529 1503 deliberationis
550 1460 684 1501 acumen
707 1453 831 1503 exercet
854 1439 885 1502 in
908 1438 1055 1525 eligenda
1076 1465 1176 1506 uxore
1197 1443 1245 1507 vel

290 1540 462 1614 ducenda;
494 1553 549 1605 aut
578 1540 666 1627 quod
693 1544 832 1626 nequius
856 1554 916 1617 est,
940 1543 1115 1607 vicinorum
1140 1547 1249 1611 matri-

289 1643 399 1705 monia
413 1642 580 1716 solicitare,
590 1654 622 1705 et
634 1664 835 1726 corrumpere
847 1664 910 1705 non
923 1656 1061 1707 veretur.
1092 1646 1246 1732 Erumpit

285 1743 450 1808 interdum
474 1743 688 1806 inverecunda
711 1744 915 1829 intemperies
939 1744 1125 1809 mulierum:
1156 1748 1246 1832 quia,

289 1859 327 1911 ut
351 1844 461 1911 scribit
484 1845 683 1921 Herodotus,
708 1846 822 1908 mulier
847 1868 920 1908 cum
947 1859 1033 1909 veste
1058 1848 1189 1933 deponit
1214 1864 1244 1914 et

292 1946 527 2011 verecundiam.
571 1947 734 2032 Erumpit,
763 1947 907 2032 inquam,
939 1946 1121 2034 impudens,
1151 1964 1182 2014 et
1213 1952 1246 2014 in

292 2050 376 2114 facie
397 2048 650 2113 erubescentium
670 2049 872 2134 populorum,
894 2051 1026 2135 genialis
1049 2052 1109 2116 tori
1128 2054 1247 2119 revelat

290 2163 326 2215 et
349 2150 492 2215 denudat
516 2171 641 2229 arcana,
663 2165 695 2214 et
720 2150 760 2214 de
783 2153 888 2216 mariti
911 2152 1087 2238 frigiditate
1107 2177 1248 2242 conque·

292 2254 389 2332 titur,
414 2252 554 2338 allegans
583 2253 665 2317 banc
695 2253 900 2318 sufficientem
930 2269 963 2320 et
992 2257 1169 2321 evidentem
1200 2281 1247 2321 re-

292 2355 385 2441 pudii
407 2354 457 2418 vel
479 2354 609 2419 divortii
633 2378 772 2433 causam,
790 2357 876 2440 quod
900 2359 1028 2422 semivir
1050 2369 1107 2436 est,
1123 2373 1155 2424 et
1175 2361 1245 2425 inu·

291 2453 359 2519 tilis
382 2454 593 2530 matrimonio,
619 2454 675 2541 qui
701 2478 762 2520 non
788 2472 835 2521 est
859 2472 1028 2544 promptus
1050 2460 1089 2523 ad
1116 2463 1247 2525 coitum.

292 2555 468 2641 Eleganter
489 2555 619 2642 quidem
636 2557 815 2622 Gauii-idus
836 2559 876 2621 de
892 2563 1036 2623 Heroum
1054 2561 1140 2638 villa,
1155 2562 1246 2625 sami-

292 2657 380 2722 liaria
394 2679 495 2735 meus,
508 2658 603 2722 unius
619 2658 729 2723 talium
746 2660 777 2722 in
794 2681 888 2722 causa
901 2659 1086 2744 hujusmodi
1100 2661 1247 2727 confudit

291 2759 469 2824 audaciam.
491 2761 599 2837 Quum
609 2760 692 2825 euim
702 2761 731 2823 ei
745 2760 1251 2846 patrunusdatuseasetajudice,

290 2861 503 2937 celebraturo,
519 2874 555 2926 ut
577 2861 764 2947 putabatur,
780 2861 965 2939 divortium,
981 2876 1013 2927 et
1029 2862 1142 2927 mulier
1155 2884 1248 2945 geue·

291 2985 365 3026 rosa
383 2962 588 3027 audientibus
610 2963 720 3026 amicis
739 2978 771 3027 et
791 2962 1066 3046 suffragatoribus,
1082 2962 1248 3045 advocato,

290 3078 330 3129 ut
348 3065 398 3140 fit,
413 3064 600 3146 diligentius
620 3068 732 3128 merita
751 3087 855 3128 causoe
876 3086 942 3128 suaa
963 3079 1145 3150 exponeret,
1162 3088 1248 3129 scru-

291 3177 381 3229 tatus
395 3179 443 3230 est
457 3166 499 3229 ab
514 3189 551 3229 ea
575 3169 624 3231 vir
639 3165 791 3252 prudens,
805 3187 844 3228 an
864 3164 962 3227 alium
980 3170 1128 3229 maritum
1145 3188 1248 3251 quau·

289 3266 400 3351 doque
415 3267 571 3331 habuerit.
606 3265 702 3340 Quod
724 3288 822 3350 quum
847 3263 901 3327 illa
924 3279 1080 3349 negasset,
1096 3265 1246 3350 quaesirit

289 3368 408 3434 iterum
424 3390 463 3430 an
480 3367 585 3431 adhuc
607 3368 697 3451 virgo
712 3379 806 3440 esset,
822 3365 946 3429 dicens:
977 3370 1050 3431 Hoc
1065 3367 1124 3430 sibi
1140 3367 1247 3452 inqui·

289 3470 369 3544 situ,
379 3483 412 3534 et
423 3470 504 3534 scitu
517 3468 795 3555 pernecessarium,
808 3490 846 3530 ne
857 3490 876 3531 a
887 3467 1025 3532 discreto
1034 3468 1146 3553 judice
1157 3491 1247 3555 cape·

291 3585 383 3636 retur
398 3571 558 3635 occasione
570 3572 679 3657 aliqua
693 3575 724 3634 in
738 3593 890 3635 sermone.
920 3568 980 3634 Illa
992 3593 1066 3634 vero
1078 3572 1149 3649 hoc,
1160 3594 1248 3636 vere-

289 3674 396 3740 cunde
412 3689 529 3749 tamen,
545 3697 583 3737 eo
597 3673 685 3759 quod
701 3673 760 3737 sibi
777 3695 839 3736 non
855 3674 935 3738 bene
950 3673 1150 3750 credebatur,
1166 3698 1247 3740 asse·

289 3776 367 3840 ruit.
406 3779 453 3840 Et
476 3773 547 3840 ille:
581 3780 631 3840 Aa
658 3774 752 3838 simul
778 3774 818 3838 de
841 3789 938 3839 noctu
961 3775 1100 3840 dormire
1118 3799 1248 3841 consue-

292 3877 409 3954 verint,
425 3890 456 3941 et
473 3901 505 3940 se
520 3875 804 3941 invicem'osculari
821 3892 852 3941 et
868 3876 1043 3963 amplexari
1066 3879 1199 3942 maritus
1214 3893 1246 3942 et

290 3979 556 4065 ipsninquisivit.
578 3980 659 4056 Quae
668 3978 884 4062 omniaquum
895 3980 1128 4043 illafateretur:
1150 3979 1247 4042 Unde

290 4105 379 4166 ergo,
402 4081 511 4168 inquit
533 4094 699 4165 patronus,
719 4081 802 4143 nosti
823 4081 914 4164 virgo
933 4080 1148 4166 pudicissima,
1171 4100 1246 4161 pru·

258 4177 262 4184 ’
290 4182 485 4261 deotissimau
494 4182 751 4268 pudoratissima,
761 4180 848 4265 quod
858 4181 1013 4243 efficacem
1026 4195 1129 4243 tecum
1144 4178 1245 4241 virum

292 4308 353 4350 nun
377 4283 570 4370 impleverit,
593 4298 624 4347 et
648 4284 748 4346 totius
769 4283 918 4345 metronii
937 4283 1014 4367 jura
1035 4277 1246 4362 persolverit?

293 4389 373 4464 Quis
396 4402 428 4452 tc
443 4386 565 4461 docuit,
585 4385 663 4469 quid
681 4385 720 4448 sit
741 4382 853 4455 coitus,
871 4394 908 4445 ut
928 4404 999 4445 euru
1016 4393 1119 4443 tecum
1135 4379 1248 4445 coiisse
