3550 5467
285 770 287 775 ,
410 709 474 769 880
671 717 1099 766 soaua1sssnasaaa1sns1s
1192 703 1277 782 [sia.
1294 722 1361 768 rm.

408 870 578 955 inveniret,
591 881 624 935 et
640 869 794 936 vilitatem
816 891 925 934 eorum
941 891 1039 956 quam
1062 871 1205 934 maxime
1226 884 1362 935 contem-

408 987 507 1053 neret,
521 973 609 1039 abire
624 995 678 1037 eos
692 971 927 1057 liberosjussit.
973 973 1055 1034 Haec
1070 970 1130 1036 illi.
1175 974 1231 1036 Ex
1247 973 1362 1058 quibus

408 1087 508 1161 patet,
522 1075 610 1162 quod
626 1097 689 1138 non
709 1096 750 1138 ex
769 1072 1021 1151 mansuetudine,
1044 1095 1119 1160 quae
1139 1073 1233 1139 decet
1249 1075 1362 1160 princi·

409 1199 494 1264 pem,
509 1177 564 1242 sed
579 1178 664 1241 t‘astu
679 1176 778 1260 impio
793 1198 812 1238 a
825 1173 985 1239 nonnullis
1004 1174 1149 1240 fidelium
1164 1173 1363 1241 crudelitatis

409 1299 476 1342 suae
490 1277 635 1342 cohibuit
649 1276 781 1340 rabiem.
827 1274 861 1338 Si
872 1296 949 1359 ergo
963 1274 1005 1339 ad
1020 1288 1144 1340 tantam
1156 1277 1360 1362 paucitatem,

410 1389 443 1442 et
465 1390 686 1463 paupertatem
707 1397 807 1460 genus
828 1372 933 1458 regale
955 1373 1131 1439 deductum
1153 1389 1216 1453 est,
1239 1391 1276 1441 ut
1297 1400 1363 1463 reg-

410 1493 507 1543 nante
529 1478 713 1544 Domitiano
734 1476 775 1540 dc
790 1475 887 1562 stirpe
910 1473 1017 1539 David
1034 1476 1088 1539 vix
1111 1476 1179 1540 duo
1201 1478 1363 1564 potuerint

410 1578 553 1655 inveniri,
569 1580 643 1666 quis
657 1579 716 1643 sibi
730 1579 763 1642 in
778 1600 871 1642 carne
885 1590 918 1641 et
928 1577 1079 1663 sanguine
1094 1580 1285 1664 propagatis
1296 1602 1362 1666 per·

411 1682 601 1768 petuitatem
616 1703 682 1746 esse
696 1677 852 1745 conlidit?
875 1682 921 1744 Et
930 1679 1007 1765 quis
1016 1680 1193 1746 Ecclesiam
1211 1682 1286 1756 Dei,
1301 1682 1362 1746 imo

411 1797 444 1849 ct
468 1796 571 1848 totum
595 1783 761 1868 imperium
788 1780 936 1846 laceravit
962 1779 1177 1858 Domitianus,
1196 1781 1308 1846 ecdem
1332 1785 1363 1847 in

413 1908 447 1950 se
471 1885 532 1949 Dei
559 1907 635 1950 usus
654 1881 789 1969 judicio,
814 1895 847 1946 et
876 1882 945 1967 ipse
974 1881 1132 1946 laceratus
1155 1896 1215 1949 est.
1262 1885 1365 1969 Cujus

412 1983 1363 2072 cadaverpopulsrissudapilapervespillionesexportatum,

411 2100 509 2172 atqua
523 2086 817 2172 ignominiosissime
828 2086 989 2172 sepultum
1005 2099 1064 2150 est.
1108 2088 1280 2152 Successor
1294 2089 1363 2174 ejus

411 2192 530 2268 Nerva,
544 2189 650 2252 omnia
663 2202 735 2253 acta
745 2189 815 2272 ejus
827 2189 986 2253 revocavit
995 2188 1027 2252 in
1038 2185 1179 2266 irritum,
1191 2203 1225 2255 et
1233 2191 1364 2276 asscrip

412 2301 464 2353 tus
477 2288 687 2373 principibus,
703 2311 766 2352 non
782 2289 937 2373 tyrannis,
961 2291 1071 2353 morbo
1092 2290 1261 2355 confectus
1280 2291 1361 2355 diem

410 2388 502 2469 obiit,
515 2389 653 2473 Trajeno
667 2388 821 2474 adoptato
835 2392 868 2454 iu
883 2411 1029 2474 regnum.
1074 2388 1137 2466 Qui
1152 2402 1244 2454 tanta
1258 2391 1363 2454 mode·

411 2492 533 2559 ratione
548 2491 707 2568 successit,
724 2504 758 2557 ut
774 2491 854 2558 sicut
870 2489 1261 2577 Augustuslelicissimus,
1275 2496 1363 2559 itaet

411 2595 472 2661 iste
486 2598 659 2681 imperator
673 2594 814 2681 optimus
835 2593 1012 2658 diutissime
1033 2592 1163 2658 babitus
1184 2592 1239 2672 sit,
1261 2607 1305 2676 et,
1328 2608 1362 2659 ut

412 2693 533 2771 serunt,
562 2693 649 2781 apud
680 2692 858 2759 Seleuciam
891 2692 1000 2756 urbem
1037 2692 1170 2757 lsaiiriae
1203 2695 1364 2780 profluvio

412 2796 532 2862 ventris
549 2797 711 2862 extinctus
729 2808 787 2859 est.
833 2795 874 2859 Ei
898 2794 1047 2858 successit
1072 2793 1179 2859 AElius
1203 2795 1363 2862 Adrianus

412 2913 506 2986 pater
526 2898 651 2985 patriae,
680 2899 738 2983 qui
766 2896 996 2981 rempublicam
1016 2895 1208 2981 justissimis
1236 2897 1360 2984 legibus

411 3000 582 3082 ordinarit,
596 3014 629 3065 et
650 3000 674 3063 J
677 2999 786 3064 udaeos
800 2997 952 3061 scelerum
969 3018 1098 3061 suorum
1121 3000 1362 3084 perturbatione

410 3104 600 3186 exagitatos,
619 3113 654 3167 ut
674 3102 707 3164 in
727 3099 928 3165 Palaestinaru
952 3099 1121 3177 irruerent,
1141 3099 1256 3167 ultima
1277 3103 1362 3171 cade

410 3204 605 3291 perdomuit,
619 3202 772 3289 ultusque
793 3215 841 3265 est
859 3199 1068 3280 Christianos,
1090 3222 1173 3286 quos
1187 3201 1234 3268 illi
1249 3227 1362 3270 excru-

410 3304 549 3383 ciabant,
571 3304 788 3391 praecepitque
808 3325 847 3366 ne
869 3302 922 3367 cui
946 3300 1065 3367 Judseo
1085 3300 1270 3368 introeundi
1286 3306 1363 3369 Hie-

410 3407 602 3493 rosolymam
621 3418 705 3471 esset
721 3403 857 3483 licentia,
879 3401 1070 3469 Christianis
1085 3412 1211 3468 tantum
1235 3407 1363 3472 civitate

344 3533 346 3537 ·
411 3507 575 3592 permissa,
589 3529 687 3592 quam
701 3505 734 3569 in
749 3505 908 3591 optimum
920 3516 1040 3569 statum
1053 3525 1220 3568 murorum
1228 3506 1363 3572 instruc·

412 3605 497 3670 tione
518 3607 690 3691 repararit,
712 3605 929 3693 pracepitque
951 3607 1056 3668 vocari
1078 3604 1197 3670 AEliam
1219 3607 1261 3672 de
1283 3631 1363 3695 prse-

410 3707 536 3772 aomine
550 3729 620 3771 suo.
664 3708 844 3772 Antoninus
858 3717 1068 3794 cognomento
1084 3706 1175 3787 Pius,
1192 3711 1362 3796 tranquille

409 3820 443 3874 et
465 3821 572 3874 sancte
596 3808 788 3893 gubernavit
818 3811 999 3896 imperium,
1029 3811 1201 3876 succedens
1223 3812 1362 3877 Adriano

411 3932 484 3979 cum
500 3908 608 3974 liberis
622 3908 699 3987 suis,
720 3922 751 3973 et
767 3910 881 3975 merito
902 3911 986 3996 pius,
1001 3924 1034 3975 et
1056 3927 1148 3999 pater
1170 3914 1285 4000 patriis
1308 3937 1361 3978 no-

409 4012 549 4078 minatus
573 4023 632 4089 est,
652 4023 685 4074 et
706 4008 921 4076 intercedente
942 4013 1076 4079 Juatioo
1101 4013 1306 4103 philosopho,
1327 4037 1359 4079 se

409 4113 598 4183 Christianis
614 4112 784 4198 benignum
795 4113 953 4180 exhibuit.
998 4119 1045 4181 M.
1061 4117 1244 4183 Antoninus
1259 4114 1361 4182 Verus

410 4239 570 4283 successor
590 4215 640 4282 Pii
656 4237 732 4280 cum
747 4215 879 4281 Aurelio
902 4219 1078 4283 Commodo
1100 4219 1202 4284 fratre
1222 4220 1359 4307 suscepit

409 4318 589 4403 imperium.
634 4317 787 4384 Aurelius
800 4331 907 4385 autem
920 4341 994 4384 casu
1010 4321 1125 4401 morbi,
1140 4344 1239 4407 quem
1257 4321 1359 4389 Gracci
