3550 5467
526 716 567 775 36
788 727 926 772 rasurus
942 727 1223 774 saunssnrunusrs
1340 712 1423 790 [nra.
1440 730 1484 772 rr.

526 882 671 958 sustinet,
683 901 777 963 quem
793 881 964 943 continuus
974 903 1039 944 nou
1051 883 1197 946 exercuit
1211 884 1310 946 labor.
1338 880 1476 945 Caesaris

525 983 668 1047 animum
682 981 804 1044 fiducia
823 983 995 1057 roboravit,
1010 983 1096 1066 quod
1112 983 1142 1046 ei
1164 1006 1214 1046 res
1236 994 1304 1047 erat
1325 982 1478 1044 adversus

524 1083 656 1147 militem
680 1083 834 1159 subitum,
849 1081 1031 1167 ducemque
1052 1085 1230 1161 emeritum,
1244 1100 1277 1147 et
1298 1084 1356 1168 qui
1376 1085 1476 1163 longa

525 1187 615 1270 pacis
631 1185 738 1269 quiete
753 1184 951 1249 dedidicerat
966 1185 1093 1248 ducem.
1139 1186 1204 1249 Sed
1219 1198 1251 1249 et
1270 1188 1326 1249 ubi
1346 1186 1478 1249 victoria

526 1288 722 1370 desperatur,
734 1287 776 1350 ad
799 1308 890 1369 spem
906 1286 1055 1350 rintlictae
1079 1287 1251 1369 erigendus
1272 1299 1321 1350 est
1340 1287 1477 1350 animus.

525 1389 588 1452 Est
601 1389 686 1451 enim
700 1387 862 1451 interdum

681 1512 744 1563 Una
755 1509 825 1563 salus
836 1511 912 1564 vietis
923 1511 1020 1564 nullam
1032 1529 1135 1582 sperare
1147 1511 1268 1578 salutern,

527 1634 561 1687 et
586 1633 624 1686 ut
652 1643 687 1685 se
713 1623 851 1686 victores
880 1634 1005 1705 putent,
1027 1624 1054 1686 si
1084 1645 1149 1688 nou
1175 1627 1351 1689 moriantur
1373 1626 1479 1688 inulti.

527 1725 641 1807 Magni
664 1745 805 1808 namque
826 1725 966 1787 muneris
986 1726 1061 1788 loco
1081 1737 1140 1803 est,
1160 1728 1267 1790 satiari
1289 1728 1425 1802 ultione3
1447 1738 1479 1791 et

528 1826 732 1909 dispendium
747 1827 831 1904 vite,
841 1826 992 1889 vindictae
1007 1828 1121 1890 solatio
1136 1831 1346 1910 compensari.
1369 1827 1478 1892 Facile

527 1928 660 1992 assumit
672 1926 837 2010 pugnandi
845 1927 1082 2005 necessitatem,
1090 1929 1143 1990 cui
1152 1927 1297 2007 fugiendi
1306 1931 1482 2013 imponitur

528 2028 711 2091 difficultas.
758 2026 957 2089 Audaciores
972 2038 1047 2090 sunt
1070 2028 1125 2112 qui
1145 2029 1265 2091 bellum
1284 2031 1432 2109 inferrmt,
1449 2042 1482 2094 et

528 2149 615 2211 soepe
645 2127 699 2189 alii
728 2126 805 2189 dum
835 2127 969 2191 honeste
999 2129 1191 2210 viriliterque
1226 2131 1305 2191 mori
1335 2133 1482 2215 cupiunt,

528 2230 663 2293 feliciter
675 2228 818 2291 vincunt.

767 2351 906 2404 Audentes
917 2367 1031 2421 numque
1041 2349 1143 2403 fortuna
1150 2352 1235 2423 juvat,

528 2462 561 2513 et
575 2462 610 2513 ut
623 2470 739 2532 pugnae
755 2448 928 2512 discrimen
943 2449 1098 2526 imminet,
1163 2520 1166 2525 ,

775 2555 930 2623 Degeneres
940 2556 1041 2608 animos
1052 2556 1129 2608 timor
1140 2558 1236 2625 arguit,

530 2693 593 2757 quo
605 2669 686 2734 nihil
700 2667 945 2750 ignominiosius
957 2678 1006 2731 est
1019 2667 1080 2744 his,
1092 2667 1147 2752 qui
1159 2689 1279 2732 nomeu
1291 2679 1323 2733 et
1337 2671 1481 2736 officium

528 2773 651 2836 militiae
666 2771 862 2854 profitentur.
907 2768 1055 2831 Timidus
1069 2789 1209 2852 namque
1229 2771 1410 2852 gravissime
1427 2775 1481 2837 lex

529 2874 675 2937 militaris
689 2872 844 2957 percellit.
889 2870 978 2934 Duci
994 2891 1122 2954 quoque
1143 2872 1177 2932 in
1199 2893 1233 2934 re
1253 2872 1391 2950 militari,
1407 2874 1479 2936 dili·

531 2975 714 3058 gentissime
728 2971 974 3056 praecavendum
989 2983 1048 3049 est,

660 3096 705 3150 Ne
718 3095 810 3149 Venus
822 3100 848 3147 et
860 3095 947 3148 vinum
959 3095 1104 3165 pugnantia
1115 3101 1220 3167 pectora
1230 3093 1360 3165 frangant.

532 3212 665 3296 Semper
684 3212 771 3273 euim
793 3209 894 3272 vincit
913 3209 1050 3287 luxuria,
1066 3208 1123 3272 sed
1143 3232 1198 3273 eos
1217 3208 1385 3287 duntaxat,
1401 3232 1483 3294 quos

531 3324 606 3377 ante
621 3312 804 3395 corrumpit.
847 3311 962 3393 quue
983 3308 1157 3372 studiosius
1171 3308 1324 3389 fugienda
1344 3322 1404 3386 est,
1420 3333 1485 3395 quo

531 3412 565 3475 in
581 3412 760 3474 clientelam
776 3432 867 3473 suam
880 3410 1032 3473 acerrime
1047 3408 1146 3472 saevit.
1190 3408 1369 3471 Antiochus
1384 3421 1481 3474 tantae

530 3511 667 3576 luxurie
683 3522 716 3572 et
729 3509 957 3593 superfluitatis
971 3508 1124 3571 iustruxit
1138 3509 1325 3586 exercitum,
1337 3521 1373 3572 ut
1387 3511 1484 3574 etiam

533 3612 668 3692 gregarii
684 3611 799 3674 milites
813 3631 891 3674 auro
901 3611 1020 3691 caligas
1034 3609 1186 3685 lacerent,
1197 3609 1485 3695 proculcarentque

532 3713 707 3787 materiam,
722 3711 814 3794 eujus
835 3731 941 3774 amore
957 3709 1067 3793 populi
1089 3707 1253 3771 dimicant.
1299 3711 1389 3774 Gens
1404 3733 1484 3794 quo·

534 3836 597 3897 que
611 3813 800 3877 Parthomm
822 3811 998 3895 saepissime
1021 3821 1197 3893 superatur,
1219 3831 1258 3872 eo
1280 3811 1368 3892 quod
1389 3813 1483 3875 luxu·

532 3914 709 3979 riosissima
722 3927 779 3977 est.
825 3915 910 3976 Nam

687 4035 817 4104 Quicquid
829 4035 863 4087 ad
875 4035 946 4088 Eoos
958 4040 1064 4099 hactus,
1077 4035 1217 4103 mundique
1230 4041 1346 4107 teporem

686 4120 804 4184 Labitur,
817 4119 916 4173 emollit
927 4128 1021 4188 gentes
1033 4119 1171 4173 clementia
1182 4120 1250 4173 eoeli.

536 4238 649 4303 Solent
676 4257 742 4299 nou
771 4238 804 4298 in
835 4236 904 4298 acie
935 4236 1082 4297 cominus
1112 4234 1261 4318 praeliari,
1290 4234 1348 4298 sed
1378 4234 1486 4319 quoad

536 4351 681 4426 possunt,
710 4339 832 4402 hostem
863 4337 989 4400 eminus
1018 4336 1149 4400 laedunt.
1206 4339 1362 4401 Obsessas
1392 4339 1488 4399 urbes
