3550 5467
530 722 571 783 34
772 735 909 784 scaurus
924 734 1203 781 sannsnssrsnsls
1337 718 1419 797 [rin.
1438 733 1482 776 vr.

526 888 705 953 substantia
727 890 799 972 quis
822 887 971 952 vendicet
993 909 1149 971 spumam.
1195 888 1343 952 Profecto
1367 888 1483 968 dignus

526 998 574 1051 est
598 989 797 1072 privilegium
824 988 968 1072 perdere,
992 988 1047 1072 qui
1072 1008 1229 1051 concessa
1254 989 1316 1051 sibi
1342 987 1483 1050 abutitur

526 1100 693 1174 potestate.
737 1091 888 1154 Abutitur
916 1098 1023 1153 autem
1049 1090 1132 1172 quis,
1159 1092 1209 1152 vel
1237 1110 1303 1152 non
1333 1085 1482 1152 faciendo

528 1192 615 1276 quod
642 1203 778 1275 oportet,
800 1194 849 1256 vel
875 1192 1023 1256 faciendo
1048 1190 1134 1274 quod
1162 1191 1230 1253 lieri
1256 1213 1321 1253 non
1348 1198 1486 1273 oportet,

528 1304 561 1357 et
580 1315 678 1376 quum
699 1305 869 1376 utrumque
891 1293 932 1356 sit
954 1294 1084 1368 malum,
1109 1302 1145 1354 ut
1164 1292 1289 1370 dicitur,
1315 1302 1484 1375 peccatum

528 1392 649 1458 delicto
670 1395 794 1475 gravius
815 1415 885 1458 esse
906 1395 998 1457 solet.
1043 1392 1212 1476 Delinquit
1234 1394 1320 1456 enim
1340 1393 1396 1476 qui
1418 1413 1484 1454 non

528 1495 640 1577 implet
668 1495 827 1571 officium;
860 1495 918 1558 sed
949 1496 1044 1577 plane
1074 1507 1199 1576 peccat,
1226 1494 1372 1578 quisquis
1398 1514 1484 1555 com-

527 1595 626 1658 mittit
654 1595 858 1659 contrarium.
911 1595 995 1657 Albo
1025 1593 1185 1676 siquidem
1219 1595 1344 1676 nigrum
1381 1595 1484 1675 magis

528 1696 709 1780 opponitur,
739 1717 836 1779 quam
865 1716 931 1757 non
962 1695 1080 1770 album,
1113 1706 1145 1757 et
1178 1695 1307 1757 tristitia
1342 1694 1485 1757 laetitiam

528 1798 630 1879 magis
654 1797 834 1879 impugnat,
859 1816 955 1878 quam
979 1815 1055 1878 spes
1079 1804 1134 1857 aut
1156 1795 1260 1868 timor,
1285 1817 1356 1879 quae
1380 1816 1484 1877 neque

528 1899 563 1960 in
585 1899 705 1962 laetitiae
730 1899 888 1960 rationem
914 1894 1045 1974 cadunt,
1069 1918 1130 1959 uec
1155 1898 1184 1959 ei
1209 1897 1349 1960 maxime
1376 1896 1486 1960 adver·

528 2008 647 2062 santur.
692 1999 737 2061 Et
762 1998 893 2078 cingulo
920 1997 1049 2080 quidem
1076 1997 1227 2074 abutitur,
1254 2009 1317 2061 tam
1349 1999 1403 2062 ille
1432 2000 1485 2083 qui

528 2120 594 2162 non
622 2099 736 2182 implet
765 2097 851 2182 quod
887 2105 1013 2180 oportet
1042 2118 1085 2160 cx
1115 2098 1236 2160 militiae
1274 2112 1487 2175 sacrament0,

530 2221 626 2284 quam
646 2199 701 2262 ille
722 2200 776 2284 qui
797 2199 966 2281 impugnat
986 2198 1109 2260 militie
1130 2209 1372 2261 sacramentum.
1418 2201 1486 2262 De·

528 2301 646 2385 linquit
674 2308 780 2363 tamen
810 2300 948 2383 gravius,
978 2299 1032 2383 qui
1062 2299 1239 2383 impugnat,
1269 2300 1354 2363 sicut
1382 2300 1487 2364 hostis

528 2422 620 2464 serus
649 2401 766 2483 ignavo
792 2401 893 2464 milite
920 2400 1070 2465 odibilior
1096 2412 1154 2464 est.
1199 2402 1298 2465 Unde
1324 2403 1377 2486 qui
1404 2424 1487 2465 rem-

530 2501 702 2584 publicam,
722 2512 756 2564 et
776 2502 929 2564 inermem
951 2521 1080 2564 manum
1103 2501 1294 2566 militaribus
1313 2504 1407 2566 armis
1428 2505 1486 2568 im·

530 2615 665 2689 pugnat,
690 2603 868 2687 justissime
899 2611 1135 2682 exauctoratur,
1163 2614 1315 2686 tunquam
1343 2606 1397 2667 ille
1431 2607 1490 2689 qui

530 2704 667 2787 figuram
681 2704 831 2769 hostilem
848 2703 995 2768 induerit.
1037 2703 1103 2766 Sed
1117 2725 1182 2788 prae
1198 2706 1322 2768 caeteris
1338 2706 1487 2768 omnibus

475 2882 477 2886 ι
531 2803 641 2870 divino
659 2815 691 2869 et
709 2807 848 2869 humano
864 2805 938 2890 jure
959 2804 1086 2886 gravius
1106 2806 1261 2869 feriuntur
1280 2807 1437 2887 sacrilegi,
1453 2818 1486 2869 et

529 2906 564 2968 hi
588 2907 643 2991 qui
666 2905 760 2969 variis
781 2904 1075 2988 perturbationibus
1098 2906 1289 2990 impugnant
1314 2908 1485 2972 ecclesiam

531 3005 607 3084 Dei,
629 3006 746 3091 quibus
770 3007 826 3069 lex
852 3026 919 3068 non
943 3006 1164 3090 precisionem
1190 3007 1405 3085 dexterarum,
1430 3009 1487 3073 sed

530 3129 661 3193 poenam
686 3108 804 3190 irrogat
829 3107 1009 3191 capitalem.
1061 3108 1094 3171 Si
1119 3109 1332 3191 patrocinium
1359 3110 1487 3174 illorum

533 3221 696 3273 assumant
718 3208 845 3285 Cicero,
864 3217 898 3269 et
920 3207 1170 3285 Demosthenes,
1190 3209 1217 3271 si
1240 3209 1273 3271 iu
1297 3208 1487 3273 defensione

532 3330 641 3373 eorum
671 3309 811 3389 linguam
841 3317 949 3385 acuat,
978 3318 1011 3371 et
1043 3309 1141 3372 totius
1174 3309 1295 3389 ingenii
1327 3310 1376 3373 sui
1406 3311 1488 3375 vires

531 3410 700 3474 exhauriat
722 3409 949 3487 Quintilianus,
973 3410 999 3473 si
1016 3410 1091 3493 jura
1113 3411 1281 3492 viguerint,
1305 3411 1392 3495 quod
1413 3424 1488 3495 post

531 3512 639 3575 Deum
654 3511 688 3573 in
703 3531 800 3573 manu
811 3511 968 3595 principis
980 3527 1039 3588 cst,
1051 3509 1194 3575 fortunas
1208 3534 1315 3575 eorum
1328 3523 1361 3576 et
1372 3515 1490 3597 capita,

533 3612 612 3697 quin
625 3612 774 3694 legitimis
789 3614 954 3697 suppliciis
975 3613 1138 3687 feriantur,
1154 3615 1234 3677 tueri
1250 3636 1313 3677 nou
1330 3624 1487 3699 potemnt.

533 3712 630 3786 Quod
658 3713 685 3775 si
713 3712 853 3795 gladium
885 3735 977 3777 suum
1004 3714 1156 3778 adversus
1186 3716 1268 3778 tales
1294 3736 1358 3777 non
1386 3719 1489 3780 exerit

532 3812 694 3897 princeps,
713 3813 749 3875 in
771 3814 915 3897 seipsum
937 3815 1151 3896 proculdubio
1173 3827 1327 3899 provocat
1347 3815 1488 3897 gladium

531 3914 584 3976 bis
609 3922 752 3990 acutum,
779 3935 872 3997 quem
898 3914 931 3976 iu
960 3937 1012 3978 ore
1039 3937 1097 3978 suo
1122 3916 1204 3997 gerit
1229 3915 1315 3980 filius
1340 3917 1492 3996 hominis,

534 4013 677 4095 gladium
697 4014 818 4098 utique,
837 4015 893 4099 qui
914 4015 1004 4078 vivus
1023 4026 1057 4078 et
1077 4017 1195 4079 efficax
1214 4028 1277 4094 est,
1295 4017 1350 4099 qui
1374 4039 1492 4102 corpus

534 4113 629 4177 findit
650 4126 683 4178 et
705 4116 855 4192 animam,
877 4126 910 4177 ct
932 4115 1029 4178 mittit
1050 4117 1082 4179 iu
1106 4116 1305 4198 gehennam3
1328 4117 1369 4181 ad
1397 4140 1492 4203 quem

533 4218 668 4281 obtusus
682 4227 733 4281 est
749 4216 852 4280 omnis
868 4215 1005 4297 gladius,
1020 4230 1053 4281 et
1067 4219 1172 4282 omnis
1189 4228 1347 4284 armatura
1361 4221 1493 4300 fragilis,

530 4328 563 4379 et
587 4317 697 4396 fluida,
722 4328 755 4382 et
778 4318 914 4396 infirma,
939 4331 1052 4402 praeter
1078 4321 1177 4397 illam,
1201 4342 1295 4403 quam
1320 4321 1389 4384 sola
1411 4342 1487 4384 con·
