3550 5467
539 714 597 772 118
793 724 930 770 rasuris
945 722 1223 767 saaasnaurassis
1333 702 1418 782 [aaa.
1434 724 1487 769 vu.

538 876 725 941 laudabilior
748 886 780 937 et
805 874 898 959 plane
923 872 1028 939 utilior
1050 886 1107 936 est.
1154 876 1227 936 Hoc
1251 873 1335 935 euim
1359 872 1487 937 lectione

539 1000 660 1063 semper
676 977 883 1062 quaerendum
901 989 959 1048 est,
978 988 1014 1039 ut
1030 975 1124 1037 horno
1147 975 1254 1060 seipso
1277 973 1389 1038 melior
1406 975 1488 1060 jugi-

538 1082 622 1165 giter
636 1080 700 1142 liat.
740 1082 856 1142 Verum
873 1099 974 1161 quum
993 1076 1084 1139 litera
1100 1076 1295 1162 praecedens,
1313 1076 1436 1141 utiliter
1449 1079 1486 1140 ad

539 1179 642 1244 multa
656 1179 755 1264 possit
771 1178 893 1248 referri,
911 1190 942 1240 et
958 1176 998 1240 ad
1015 1178 1073 1239 hoc
1089 1198 1180 1262 posse
1196 1179 1300 1264 aptari
1317 1179 1486 1253 consentia,

540 1295 576 1345 ut
592 1304 648 1366 per
662 1282 795 1363 gratiam
813 1299 853 1340 ex
873 1277 1091 1340 benedictione
1110 1278 1170 1341 Dei
1193 1278 1356 1355 collatam,
1372 1277 1412 1341 ad
1430 1283 1487 1342 vir·

540 1385 620 1447 tutis
640 1383 869 1445 incrementum
895 1392 926 1442 et
949 1378 1261 1463 multiplicationem,
1277 1380 1415 1443 liberum
1437 1403 1487 1443 ex-

538 1485 655 1547 citetur
670 1482 849 1556 arbitrium,
865 1495 897 1545 et
915 1481 1088 1543 virtutibus
1104 1480 1326 1565 multiplicatis
1342 1503 1399 1566 per
1420 1505 1486 1565 gra-

539 1586 628 1665 tiam,
638 1584 807 1669 adjiciatur
819 1581 974 1666 subjectio
986 1595 1088 1655 terrae,
1102 1604 1199 1666 quam
1213 1605 1314 1667 quum
1329 1583 1361 1644 in
1375 1605 1408 1645 se
1422 1583 1486 1668 ipso

539 1689 633 1750 bomo
659 1686 839 1770 subjecerit,
866 1683 1042 1747 dominium
1070 1685 1131 1755 sui,
1154 1683 1357 1768 aliorumque
1382 1706 1484 1747 conse·

539 1788 661 1873 quitur,
679 1802 714 1851 ut
731 1787 854 1849 cunctis
876 1784 1090 1848 animantibus
1114 1782 1278 1869 praelatus,
1296 1783 1439 1848 timorem
1454 1800 1485 1850 et

539 1901 706 1952 tremorem
723 1888 855 1950 incutiat
872 1885 1031 1959 omnibus,
1047 1907 1121 1970 quae
1144 1898 1315 1948 moventur
1337 1890 1369 1949 in
1396 1901 1485 1950 terra,

540 1993 622 2053 Sunt
646 2011 722 2072 ergo
745 1989 774 2050 ei
799 1999 914 2049 cuncta
930 1988 961 2049 in
978 1987 1096 2062 cibum,
1113 1986 1188 2071 quia
1203 1987 1236 2049 in
1261 1987 1412 2050 omnibus
1425 2010 1487 2050 cre-

538 2090 650 2163 atoris,
666 2088 692 2151 ei
711 2088 806 2152 verba
822 2086 934 2151 salutis
949 2109 1015 2150 snae
1032 2086 1174 2172 loquitur
1190 2088 1358 2151 Dominus.
1391 2089 1486 2152 Plane

536 2190 662 2252 cibatur
685 2189 717 2251 in
742 2190 876 2262 eunctis,
893 2186 1012 2272 quibus
1037 2188 1191 2252 advitam
1209 2188 1257 2251 vel
1277 2212 1383 2255 mores
1406 2211 1486 2253 com·

537 2290 711 2375 ponendos,
728 2292 793 2353 vita
808 2288 944 2352 hominis
964 2290 1098 2375 prolicit.
1144 2293 1278 2355 Constat
1299 2292 1383 2355 enim
1400 2291 1484 2377 quod

537 2391 637 2453 omnis
647 2390 814 2454 aedilicatio
823 2412 947 2452 morum
958 2414 977 2453 a
987 2390 1127 2452 Domino
1137 2404 1196 2468 est,
1207 2402 1238 2453 et
1249 2412 1353 2474 quum
1364 2391 1485 2477 quisad

537 2493 701 2568 virtutem,
717 2504 773 2554 aut
788 2491 829 2554 ab
851 2513 958 2576 opere,
973 2505 1028 2554 aut
1053 2514 1071 2552 a
1087 2491 1195 2566 verbo,
1212 2504 1268 2554 aut
1293 2515 1485 2577 quocunque

537 2593 631 2656 modo
646 2593 827 2670 instruitur,
839 2592 992 2655 concessis
1008 2592 1067 2655 sibi
1080 2615 1100 2655 a
1116 2593 1256 2655 Domino
1268 2591 1392 2657 utiliter
1404 2596 1485 2658 ciba·

538 2709 602 2758 tur.
647 2692 758 2757 Omnis
787 2693 869 2756 enirn
900 2691 1067 2757 instructio
1096 2693 1219 2772 salutis,
1250 2694 1486 2777 quodammodo

536 2796 669 2859 verbum
695 2795 755 2858 Dei
779 2807 846 2866 est;
878 2806 910 2857 et
934 2817 953 2856 a
976 2816 1167 2880 quocunque
1192 2795 1309 2858 veritas
1334 2795 1486 2862 doctrinm

537 2896 727 2982 proferatur,
739 2895 932 2979 acceptanda
947 2908 1006 2971 est,
1019 2919 1057 2959 eo
1072 2895 1157 2980 quod
1171 2896 1287 2959 veritas
1303 2896 1486 2983 incorrupta

536 3020 660 3083 semper
674 3011 707 3060 et
722 2994 969 3080 incorruptibilis
984 3014 1040 3060 est.
1079 3000 1167 3061 Ante
1182 2997 1343 3061 diluvium
1359 3009 1391 3062 et
1407 3011 1485 3085 post,

535 3099 611 3163 dum
630 3099 795 3180 sanguine,
809 3099 841 3160 in
866 3121 930 3182 qno
953 3097 1041 3160 sedes
1065 3112 1113 3162 est
1133 3098 1258 3172 atrimae,
1275 3099 1485 3174 abstineatur,

535 3221 700 3262 concessus
720 3213 766 3264 est
789 3203 929 3262 omnium
955 3221 1052 3270 usus;
1085 3215 1116 3262 et
1139 3212 1212 3263 aute
1235 3199 1430 3285 baptismum
1453 3216 1483 3264 et

535 3312 617 3382 post,
644 3299 818 3361 dummodo
844 3311 1007 3383 peccatum
1037 3300 1126 3376 vitet,
1152 3321 1245 3361 nemo
1273 3299 1484 3387 undecunque

536 3401 649 3462 instrui
674 3399 871 3481 prohibetor.
920 3401 951 3461 Si
967 3400 1129 3485 apostolus
1151 3416 1198 3464 est
1220 3401 1387 3487 aliquibus
1407 3404 1484 3466 odor

536 3498 645 3559 mortis
659 3498 691 3559 in
709 3509 854 3571 mortem,
869 3497 947 3580 quid
970 3498 1130 3582 probibet,
1146 3513 1178 3561 et
1195 3521 1270 3562 vasa
1293 3502 1407 3564 mortis
1429 3501 1485 3565 ali·

535 3598 587 3659 cui
604 3596 752 3681 prodesse
767 3596 808 3659 ad
826 3597 948 3660 vitam?
979 3600 1086 3675 Quum
1103 3621 1179 3683 ergo
1195 3600 1315 3664 dicitur
1330 3603 1483 3688 quicquid

535 3699 592 3771 vis,
622 3709 737 3782 praeter
767 3696 964 3781 sanguinem,
991 3699 1131 3772 comede,
1159 3701 1292 3784 perinde
1322 3716 1372 3768 est
1399 3726 1435 3766 ac
1459 3704 1484 3766 si

533 3794 672 3880 quadarn
687 3795 825 3879 imagine
836 3794 974 3870 dicatur,
986 3794 1160 3859 dummodo
1173 3798 1250 3861 vitia
1267 3799 1384 3884 sagias,
1397 3799 1483 3887 quod

533 3897 670 3960 volueris
683 3901 762 3979 lege.
804 3896 893 3959 Sicut
910 3895 941 3957 iu
957 3899 1037 3958 escis
1052 3900 1231 3964 carnalibus
1247 3903 1398 3986 quaedam
1410 3912 1484 3967 sunt

532 4022 605 4085 quoe
620 3999 810 4084 digeruntur
826 3998 956 4073 utiliter,
969 3998 1115 4082 quaedam
1132 4014 1305 4065 vertuntur
1321 4004 1352 4066 in
1368 4005 1484 4068 crudos

533 4104 693 4173 luuuores,
709 4098 770 4162 alia
790 4122 846 4184 per
863 4098 924 4159 rim
942 4098 1138 4181 expulsivam
1156 4102 1330 4186 ejiciuntur
1346 4107 1484 4178 omnino,

532 4204 678 4287 qrrmdaur
696 4217 779 4275 sunt,
792 4222 865 4284 quae
882 4201 976 4275 sanis,
989 4201 1012 4261 si
1031 4214 1136 4265 tamen
1150 4202 1292 4266 modeste
1304 4223 1481 4279 sumantur,

531 4307 695 4374 conferunt
705 4326 713 4378 ;
725 4301 878 4364 etolisunt
887 4301 1095 4382 aegrotativis:
1115 4304 1262 4387 quaedam
1274 4307 1483 4372 debilioribus
