3550 5467
505 723 546 781 22
763 734 901 778 tornius
915 733 1182 780 srursnrrususrs
1319 717 1402 798 [crs.
1415 734 1460 779 vr.

507 888 624 952 milites
644 888 748 952 sancti
772 899 856 961 sunt,
876 900 909 951 et
930 888 964 951 in
987 910 1026 952 eo
1049 887 1210 951 fideliores
1232 887 1384 971 principi,
1398 909 1462 971 quo

507 1002 633 1054 serrant
654 988 826 1052 studiosius
850 987 946 1051 fidem
963 990 1041 1065 Dci3
1072 1002 1104 1051 et
1127 989 1247 1052 virtutis
1262 1010 1328 1052 suae
1351 988 1462 1052 utilius

507 1092 637 1174 gloriam
660 1104 859 1174 promovent,
875 1112 938 1173 quo
958 1091 1170 1154 fideliusUei
1186 1091 1245 1168 sui,
1261 1091 1295 1153 in
1312 1091 1462 1154 omuibus

508 1194 639 1274 gloriam
656 1205 812 1276 quaeruut.

510 1453 591 1534 Cap.
609 1456 638 1512 9.
665 1450 759 1517 Quod
761 1449 853 1530 fider
864 1447 932 1512 Deo
944 1447 1064 1525 debita,
1076 1451 1119 1510 sit
1131 1451 1234 1511 cuites
1244 1451 1372 1512 homini
1380 1471 1460 1532 pre·

542 1552 700 1632 serenda,
715 1572 773 1613 nec
787 1558 936 1613 serr-atur
951 1553 1085 1625 hornini,
1102 1553 1167 1612 oriri
1182 1551 1251 1613 Deo
1265 1557 1419 1612 serretur.

553 1705 628 1766 Nec
657 1702 761 1778 refert,
788 1699 876 1762 tideli
903 1699 974 1782 quis
1000 1700 1124 1775 militet,
1151 1720 1191 1762 an
1223 1698 1359 1777 infideli,
1389 1700 1464 1764 dum

510 1818 618 1869 tamen
632 1801 749 1865 militet
764 1801 828 1864 fide
845 1802 1010 1866 incolumi.
1057 1802 1264 1865 Diocletiano
1281 1813 1314 1864 ct
1326 1798 1467 1881 Julisno,

511 1919 543 1968 et
568 1905 639 1967 aliis
662 1903 771 1985 impiis
799 1903 950 1982 leguntur
974 1903 1126 1965 militasse
1151 1901 1276 1978 fideles,
1302 1915 1335 1964 et
1360 1902 1407 1964 eis
1433 1902 1467 1964 in

512 2005 698 2068 defensione
729 2003 925 2084 reipublicae,
956 2016 1107 2086 tauquam
1137 2005 1341 2087 principibus
1369 2002 1467 2066 fidem

512 2105 709 2179 exhibuisse,
745 2117 778 2166 et
819 2105 1036 2167 reverentiam.
1102 2105 1341 2189 Impugnabant
1382 2105 1468 2168 enim

513 2208 623 2269 hostes
644 2206 780 2289 imperii,
805 2204 865 2268 sed
886 2205 1037 2269 mandatu
1058 2207 1120 2270 Dei
1143 2209 1325 2270 servabunt.
1371 2206 1467 2270 Sede·

419 2307 421 2310 ’
513 2311 592 2372 bant
606 2307 768 2391 principes
783 2319 815 2368 et
830 2308 1027 2370 accusabant
1042 2330 1108 2383 eos,
1124 2308 1170 2370 illi
1186 2309 1421 2371 exercebuntur
1435 2308 1469 2369 in

509 2408 796 2492 justificationibus
834 2408 978 2484 Domini,
1008 2420 1189 2469 constanter
1224 2409 1403 2491 loquentes,
1439 2422 1471 2472 et

514 2522 644 2592 agentes
674 2507 742 2572 sine
773 2510 962 2571 confusione
992 2509 1142 2571 mandata
1176 2509 1247 2593 ejus
1279 2530 1353 2572 cum
1383 2513 1471 2573 omni

515 2612 642 2676 fiducia.
687 2611 795 2675 David
826 2633 954 2695 quoque
985 2611 1137 2673 militasse
1163 2611 1279 2692 legitur
1304 2612 1415 2690 Achis,
1440 2622 1473 2676 et

516 2717 613 2780 fidem
653 2725 686 2779 et
722 2714 931 2777 reverentiam
969 2713 1135 2776 militantis
1172 2714 1332 2797 implesse.
1386 2715 1472 2780 Haec

516 2828 621 2881 autem
652 2817 738 2878 omui
769 2815 892 2877 militiae
922 2816 1057 2877 formula
1088 2814 1328 2898 praescribenda
1361 2829 1411 2895 est
1441 2829 1473 2881 et

516 2916 692 3003 implenda,
707 2929 742 2980 ut
764 2918 836 2979 Deo
859 2917 997 3000 primum
1018 2915 1101 2978 fides
1117 2916 1235 2995 debita,
1251 2917 1368 2981 deinde
1383 2920 1473 3003 prin·

517 3021 582 3104 cipi
608 3031 640 3082 et
665 3019 849 3101 reipublicae
880 3029 1022 3080 servetur
1050 3018 1231 3081 incolumis.
1276 3021 1322 3083 Et
1347 3042 1474 3106 semper

516 3123 638 3208 majora
652 3121 910 3206 praejudicabunt
924 3121 1111 3198 minoribus,
1120 3121 1195 3204 quia
1206 3142 1265 3185 nec
1277 3123 1474 3207 reipublice,

515 3248 576 3290 nec
601 3223 683 3287 fides
708 3224 844 3305 principi
875 3222 1030 3284 servanda
1057 3234 1106 3284 est
1135 3234 1246 3286 contra
1271 3224 1391 3303 Deum,
1415 3226 1474 3289 sed

518 3325 695 3391 secundum
712 3324 829 3399 Deum,
845 3324 929 3385 sicut
944 3323 1040 3386 habet
1054 3325 1125 3407 ipsa
1140 3327 1311 3409 conceptio
1326 3328 1475 3392 militaris

519 3423 717 3490 sacramenti.
764 3421 861 3513 Unde
876 3422 1048 3504 plurimum
1065 3425 1170 3503 miror,
1185 3426 1212 3488 si
1235 3427 1308 3510 quis
1323 3427 1475 3512 princeps

520 3528 584 3592 illis
603 3526 723 3588 habeut
737 3522 846 3601 fidem,
860 3544 941 3606 quos
955 3523 1042 3587 videt
1057 3525 1128 3588 Deo
1146 3548 1215 3604 suo,
1230 3529 1294 3605 cui,
1308 3541 1343 3591 ut
1358 3541 1476 3593 caetera

519 3645 655 3706 taccam,
669 3628 765 3691 etium
781 3640 979 3690 sacramento
994 3628 1114 3690 militiae
1130 3630 1262 3710 obligati
1278 3641 1362 3708 sunt,
1376 3631 1476 3695 fidem

521 3733 662 3798 debitam
698 3753 764 3794 non
801 3751 933 3793 servare.
998 3731 1147 3802 Quonam
1188 3734 1300 3796 morbo
1343 3734 1477 3798 rationis

520 3836 652 3910 laborat,
668 3832 723 3915 qui
740 3852 813 3894 eum
829 3829 891 3892 sibi
912 3829 1041 3893 fidelem
1061 3832 1128 3894 sore
1149 3833 1261 3910 credit,
1277 3856 1373 3917 quem
1388 3835 1477 3899 videt

521 3959 591 4001 esse
614 3945 797 4017 corruptum
820 3943 853 3995 et
874 3929 1031 4015 perfidum
1054 3933 1086 3995 in
1110 3934 1211 4011 illum,
1228 3936 1280 3998 cui
1302 3937 1477 4020 plurimum

521 4033 636 4102 debet?
676 4033 740 4096 Sed
757 4034 847 4095 timet
861 4033 1048 4116 principem.
1094 4034 1188 4098 Certe
1200 4037 1226 4098 si
1243 4037 1352 4100 sortior
1366 4059 1478 4123 super·

520 4139 652 4216 venerit,
678 4135 871 4222 praetimebit
899 4136 999 4198 illum.
1044 4137 1176 4200 Amatur
1205 4139 1284 4201 sorte
1313 4140 1479 4226 princeps·

521 4245 563 4307 At
584 4240 612 4304 si
633 4235 801 4319 benignior
823 4246 856 4296 et
879 4234 1111 4298 beneficentior
1132 4237 1325 4321 apparuerit,
1340 4250 1372 4301 et
1387 4239 1477 4302 illum

521 4340 717 4427 praeamabit
763 4339 838 4402 Non
862 4351 911 4400 est
928 4360 992 4422 quo
1015 4361 1048 4402 se
1072 4361 1136 4402 non
1157 4351 1257 4404 vertat
1276 4341 1407 4424 impius,
1421 4342 1477 4426 qui
