3550 5467
572 749 635 810 ‘290
828 760 965 807 scaurus
979 760 1271 805 ssussssnrsrrsrs
1369 743 1451 824 [tra.
1466 761 1519 807 rut

573 915 620 980 usi
635 928 721 990 sunt,
740 928 776 978 ut
794 912 980 989 Dominum,
997 910 1155 976 volentem
1173 912 1221 976 ire
1237 912 1390 999 longius,
1404 913 1523 999 hospitio

570 1016 757 1092 detinerent,
784 1028 816 1079 et
846 1015 940 1080 nobis
967 1014 1196 1100 hospitalitatis
1226 1016 1373 1080 sormam
1398 1016 1521 1102 prasci·

570 1120 681 1184 bentes
694 1117 854 1204 exemplo,
865 1130 1039 1203 coegerunt
1054 1139 1140 1197 eum,
1152 1117 1289 1204 visique
1298 1131 1379 1183 sunt
1393 1117 1423 1182 ei
1437 1117 1523 1181 hm·

569 1223 697 1286 cessisse
718 1220 871 1306 primum,
887 1241 984 1305 quem
1006 1222 1215 1305 postmodum
1238 1234 1448 1304 agnoverunt
1467 1217 1523 1282 Do·

570 1324 692 1386 minum
716 1323 748 1385 in
775 1322 931 1386 fractione
955 1321 1056 1408 panis.
1101 1320 1192 1386 Alias
1220 1344 1374 1409 namque
1403 1320 1523 1391 delitias,

572 1423 631 1489 nisi
655 1447 736 1510 quas
759 1423 842 1487 lorte
866 1426 1036 1488 necessitas
1062 1421 1227 1506 exigebat,
1256 1424 1289 1488 ei
1313 1444 1380 1487 non
1406 1421 1525 1507 legimus

572 1526 671 1591 inisse
690 1524 860 1611 appositas
906 1520 1072 1588 Britannia
1091 1544 1227 1608 quoque
1249 1536 1369 1588 nostra
1386 1520 1524 1609 produxit

573 1625 747 1702 Albanum,
761 1625 803 1688 eb
816 1624 920 1688 officio
941 1621 1169 1708 hospitalitatis
1190 1624 1371 1708 insignem,
1386 1624 1443 1710 qui
1456 1624 1524 1708 seip-

573 1751 643 1792 sum
669 1727 782 1791 maluit
809 1741 1016 1812 tyrannorum
1042 1746 1203 1810 exponere
1231 1725 1319 1800 telis,
1344 1749 1444 1813 quam
1465 1726 1523 1789 hos

572 1831 683 1917 pitem,
697 1851 793 1916 quem
809 1838 1002 1914 susceperat,
1016 1825 1253 1892 Christianum.
1301 1828 1394 1906 Quid
1410 1827 1449 1892 de
1458 1827 1523 1891 lide

572 1931 658 1997 libus
676 1935 812 2018 loquor?
838 1951 940 2018 quum
964 1942 996 1994 et
1016 1927 1160 1992 infideles
1182 1933 1427 2006 consueverint,
1441 1930 1522 1995 etiam

571 2034 726 2098 adversus
741 2035 857 2114 hostes,
871 2045 904 2098 et
919 2031 1049 2118 proprio
1064 2030 1208 2117 periculo
1227 2033 1442 2118 patrocinari,
1454 2054 1523 2119 quot

570 2133 654 2198 infra
682 2133 892 2221 quatriduum
923 2131 1062 2219 hospitio
1089 2133 1319 2217 suscepissent.
1383 2135 1522 2202 Criminis

569 2234 652 2297 enim
668 2233 878 2297 contrahebat
893 2246 1013 2310 notam,
1025 2231 1174 2318 quisquis
1187 2245 1266 2297 ante
1280 2234 1434 2319 quintum
1447 2234 1521 2299 dien

569 2339 667 2412 hosti,
681 2335 715 2399 id
736 2348 783 2399 est
804 2335 986 2420 peregrino,
1008 2334 1218 2400 humanitatis
1238 2337 1457 2422 patrocinium
1474 2336 1521 2401 de

570 2439 718 2522 negabat.
763 2439 909 2502 Auctore
924 2437 1084 2525 siquidem
1100 2437 1268 2516 Cicerone,
1283 2438 1329 2503 ob
1344 2443 1519 2527 equitatem

570 2539 749 2626 hospitibus
770 2538 996 2614 exhibendam,
1020 2539 1120 2604 hostis
1141 2537 1312 2605 dicebatur
1338 2541 1522 2627 antiquitus,

571 2663 667 2729 quem
683 2641 779 2706 modo
794 2641 930 2705 dicimus
944 2640 1158 2728 peregrinum.
1193 2641 1259 2708 cni
1275 2643 1427 2730 quisquis
1437 2640 1521 2708 fuerit

570 2743 774 2823 inhumanus,
789 2743 829 2807 de
846 2745 923 2828 jure
942 2741 1077 2828 antiquo
1096 2741 1228 2828 iniquus
1247 2756 1309 2808 est.
1356 2744 1520 2810 Declarmt

569 2843 630 2909 hoc
648 2848 756 2930 legum
778 2843 909 2918 tabulae,
932 2855 964 2908 et
987 2840 1101 2906 titulus
1118 2843 1216 2928 juris,
1237 2843 1295 2930 qni
1316 2858 1370 2910 est
1388 2855 1520 2911 statum

569 2946 638 3012 dies
652 2969 724 3010 cum
741 2945 841 3010 hoste.
887 2947 951 3023 Qui
966 2967 1041 3008 vero
1055 2944 1289 3010 humanitatem
1309 2946 1443 3013 exhibet
1455 2947 1520 3012 hes·

569 3048 642 3135 piti,
656 3061 688 3112 et
711 3047 873 3112 caritatem
895 3047 1017 3134 implet,
1032 3045 1112 3110 nihil
1131 3069 1244 3112 eorum
1266 3048 1440 3130 subtrahit,
1453 3072 1520 3136 quc

569 3154 652 3215 ratio
666 3150 825 3237 permittit
846 3149 972 3235 exponi.
1016 3146 1166 3214 Effundit
1179 3149 1314 3236 quidem
1336 3149 1370 3215 in
1386 3154 1519 3237 hospites

569 3253 690 3317 viscere
715 3276 783 3332 sua,
807 3253 861 3316 sed
886 3274 1007 3316 memor
1034 3250 1141 3327 officii,
1165 3253 1193 3315 si
1218 3252 1379 3318 discretus
1403 3270 1462 3334 est,
1481 3253 1518 3318 ul

569 3357 678 3442 turpia
703 3377 765 3419 non
788 3354 935 3440 impellit,
957 3377 1015 3418 nec
1039 3365 1132 3439 urget
1155 3359 1340 3441 quempiam
1364 3357 1398 3420 in
1421 3356 1467 3436 id,
1488 3357 1517 3420 ia

567 3457 655 3543 quod
672 3482 704 3521 se
720 3456 816 3522 nollet
835 3457 951 3542 urgeri.
995 3460 1057 3522 Est
1071 3460 1181 3542 itaque
1199 3460 1231 3522 in
1256 3457 1417 3544 hospitem
1438 3481 1518 3546 pere·

565 3560 692 3642 grinum
716 3563 818 3624 omnis
840 3560 1032 3639 humanitas,
1053 3572 1086 3624 et
1109 3557 1215 3622 sobria
1236 3559 1413 3626 liberalitas
1433 3585 1517 3628 exer·

567 3659 678 3736 cenda,
694 3676 726 3726 et
741 3661 901 3744 indigente
916 3661 1032 3748 hospiti
1055 3661 1187 3746 gratiam
1210 3661 1387 3747 pleniorem
1408 3664 1519 3729 referre

565 3760 672 3839 debet,
684 3763 785 3825 tenaci
798 3762 1025 3829 beneficiorum
1036 3763 1187 3827 memoria
1202 3765 1404 3850 peregrinus.
1428 3769 1518 3831 Hm

565 3884 694 3949 quoque
715 3864 852 3947 gratiam
875 3886 934 3928 nec
955 3865 1098 3930 adversae
1124 3864 1297 3951 religionis,
1319 3889 1380 3932 nec
1404 3889 1516 3954 prisce·

564 3965 670 4031 dentis
698 3965 873 4032 inimicitiae
902 3969 1018 4033 titulus
1043 3967 1179 4054 perimit
1241 3968 1327 4032 Nam
1353 3983 1386 4035 et
1413 3970 1518 4034 beatus

564 4069 742 4154 Gregorius
764 4069 1027 4134 Neocaesariensis
1047 4070 1228 4157 episcopus,
1253 4092 1359 4156 quum
1386 4084 1514 4156 urgente

562 4170 714 4257 temporis
725 4184 756 4234 et
773 4171 920 4256 proeellae
932 4175 1095 4255 angustia,
1104 4174 1136 4236 in
1154 4169 1299 4256 Alpibus
1311 4171 1512 4257 interceptus,

560 4271 591 4333 in
616 4272 723 4336 lanum
750 4269 921 4357 Apollinis,
942 4275 999 4358 qui
1022 4272 1065 4336 ibi
1088 4272 1129 4335 ab
1151 4269 1314 4357 indigenis
1340 4272 1512 4347 colebatur,

558 4371 748 4451 divertisset,
765 4387 797 4437 et
816 4396 836 4437 a
855 4373 1019 4439 sacerdote
1040 4373 1111 4451 loci,
1133 4372 1205 4438 licet
1228 4375 1381 4458 profano,
1402 4373 1511 4442 officie
