3550 5467
408 746 471 790 civ.
486 729 599 808 xvrrn]
756 749 1009 795 vorvcnarrcos.
1317 739 1359 797 45

407 899 567 978 malitiam,
594 912 688 984 rupto
714 901 845 974 tedere,
868 902 957 986 quod
977 903 1160 987 juramento
1186 925 1357 988 procerum

405 1021 471 1063 cum
496 1002 566 1065 filia
590 1003 711 1066 Leonis
727 1003 862 1086 justitiae
884 994 1045 1067 firmatum
1068 1006 1180 1079 suerat,
1203 1027 1359 1069 novorum

404 1101 548 1184 permisit
563 1103 725 1166 sublimari
740 1102 891 1181 favorem,
904 1115 936 1165 et
951 1104 984 1166 in
1000 1125 1098 1185 reguo
1111 1105 1214 1169 alieno
1226 1127 1358 1189 regnare

404 1202 566 1266 hominem
598 1214 850 1286 contemptorem
879 1203 1016 1268 boniet
1042 1207 1137 1289 aequi,
1165 1206 1257 1290 cujus
1282 1228 1357 1271 con·

403 1303 506 1366 silium
531 1304 722 1381 infatuatum
746 1315 795 1367 est
816 1306 858 1367 ab
882 1305 985 1379 initio,
1009 1306 1101 1390 cujus
1125 1328 1223 1370 causa
1244 1308 1278 1370 in
1298 1309 1360 1370 ini·

404 1404 526 1488 quitate
553 1416 585 1467 et
610 1404 746 1487 perfidia
774 1403 908 1486 fundata
933 1414 992 1483 est,
1019 1407 1234 1488 negligentem
1261 1408 1357 1471 disci·

404 1506 512 1587 plinae,
536 1515 572 1569 ut
598 1527 637 1568 eo
663 1527 728 1569 non
755 1518 819 1569 tam
844 1517 1007 1588 regnante,
1031 1527 1127 1589 quam
1153 1510 1358 1573 concutiente

405 1618 437 1670 et
473 1607 646 1673 collidente
683 1608 804 1670 clerum
843 1618 876 1671 et
912 1609 1081 1691 populum,
1113 1621 1360 1691 provocarentur

404 1730 517 1773 omnes
540 1709 583 1772 ad
609 1709 728 1772 omnia.
772 1710 929 1773 Mensura
950 1730 1089 1794 nemque
1107 1709 1191 1794 juris
1213 1710 1261 1773 vis
1282 1722 1357 1775 erat.

405 1810 565 1874 Invadens
573 1831 648 1891 ergo
658 1808 1174 1892 regnum,exheredavit,exclusit
1183 1810 1357 1890 dominum,

405 1933 462 1997 pro
480 1931 547 1994 quo
564 1911 704 1996 quidem,
724 1912 752 1975 si
771 1911 853 1975 fides
876 1922 962 1975 esset
983 1911 1017 1974 in
1038 1912 1178 1990 homine,
1195 1924 1227 1975 et
1249 1911 1358 1977 deces-

405 2034 511 2076 sorum
526 2013 657 2091 meritis,
672 2024 761 2076 etex
779 2013 968 2076 necessitate
983 2013 1157 2095 juramenti
1178 2014 1240 2077 sibi
1260 2013 1362 2077 fuerat

406 2110 615 2176 moriendum.
660 2111 793 2176 Vicinus
819 2113 943 2175 studuit
972 2133 1173 2196 corrumpere
1202 2115 1361 2192 nationes,

406 2235 479 2279 cum
504 2213 705 2298 principibus
729 2215 932 2277 matrimonia
954 2216 1115 2279 contraxit
1137 2228 1170 2279 et
1192 2216 1362 2293 amicitias,

405 2337 446 2378 ne
468 2336 533 2399 quo
557 2314 620 2377 Dei
642 2313 802 2378 beneficio
824 2316 986 2397 parvulus,
1007 2315 1063 2399 qui
1085 2314 1190 2380 adhuc
1213 2316 1362 2399 vagiebat

405 2417 437 2479 iu
460 2416 563 2493 cunis,
583 2414 624 2478 ad
646 2415 834 2498 petitionem
857 2416 1044 2480 hereditatis
1065 2428 1177 2499 posset
1197 2415 1360 2480 accedere.

405 2516 546 2580 Plurima
560 2515 690 2600 quidem
705 2515 857 2579 adversus
871 2516 1089 2581 innocentiam
1105 2515 1360 2593 machinabatur,

408 2618 464 2682 sed
478 2619 512 2681 iu
528 2619 679 2681 omnibus
694 2618 744 2682 his
757 2619 892 2682 mentita
906 2630 956 2682 est
969 2618 1123 2702 iniquitas
1137 2618 1210 2682 sibi.
1243 2619 1360 2702 quue

405 2721 557 2798 innotuit,
583 2721 661 2804 quia
686 2722 777 2785 Deus
803 2743 903 2785 verax
930 2732 988 2798 est,
1015 2720 1103 2802 quod
1131 2719 1240 2798 fidem,
1265 2741 1360 2803 quam

407 2823 479 2886 Deo
501 2844 572 2901 suo,
591 2822 787 2908 dominoque
810 2831 935 2887 terreno
957 2843 1023 2884 non
1048 2822 1193 2900 servavit,
1213 2841 1283 2885 eam
1305 2841 1361 2883 ne·

408 2943 568 3008 quaquam
597 2924 738 3008 repperit
772 2924 806 2986 in
835 2922 1003 3007 subjectis.
1062 2920 1187 2985 Eadem
1222 2942 1361 3005 namque

407 3044 555 3088 mensura
569 3045 749 3088 remensum
770 3035 820 3088 est
842 3025 884 3102 ei,
900 3045 963 3107 qua
984 3023 1055 3107 ipse
1079 3023 1149 3087 aliis
1163 3045 1360 3106 praemensus

407 3127 527 3190 fuerat:
550 3146 588 3188 ac
606 3126 633 3188 si
648 3146 760 3197 omnes
776 3125 863 3210 apud
878 3124 1021 3187 Ennium
1037 3121 1239 3199 didicissent,

525 3239 619 3309 Neque
630 3240 699 3305 dedi,
711 3257 796 3309 neque
808 3240 841 3292 do
853 3237 955 3292 infideli
967 3239 1086 3307 cuiquam
1098 3235 1187 3288 tidem.

409 3344 474 3410 Sed
488 3366 585 3429 quum
600 3347 702 3410 multa
713 3348 806 3422 male,
819 3367 925 3430 pauca
939 3348 1034 3423 bene,
1048 3344 1128 3408 illud
1144 3341 1275 3428 quidem
1288 3365 1360 3426 pes-

408 3447 487 3511 sime
499 3449 576 3529 egit,
590 3447 678 3532 quod
693 3449 728 3511 in
744 3458 965 3531 contemptum
983 3448 1054 3524 Dei,
1069 3447 1103 3508 in
1120 3445 1266 3509 Christos
1280 3445 1361 3530 ejus,

407 3570 521 3613 manus
536 3549 658 3634 injecit,
672 3571 737 3613 non
757 3551 825 3615 sine
847 3560 923 3614 nota
942 3548 1087 3633 perfidiae
1109 3558 1141 3611 et
1160 3547 1362 3631 proditionis,

408 3669 506 3733 quam
529 3650 640 3713 nefarii
667 3651 772 3734 operis
797 3650 920 3725 merito,
942 3649 1102 3711 contraxit
1125 3647 1212 3730 apud
1239 3670 1361 3729 omnes,

408 3759 443 3813 ut
468 3749 511 3813 ad
536 3751 655 3813 curiam
682 3750 751 3834 ejus
777 3749 897 3814 exinde
923 3770 1019 3811 nemo
1044 3769 1155 3811 secure
1181 3749 1359 3814 accederet.

407 3851 484 3913 Non
515 3861 620 3913 tamen
650 3852 748 3926 solos,
776 3850 835 3913 etsi
870 3849 992 3932 primos
1027 3848 1069 3910 ad
1104 3849 1278 3932 perniciem
1311 3852 1361 3913 sui

405 3951 494 4034 cepit
508 3951 691 4035 episcopos,
705 3950 763 4014 sed
783 3950 935 4013 omnibus
951 3971 1032 4035 quos
1053 3960 1221 4032 suspectos
1237 3950 1360 4030 habuit,

406 4051 599 4133 proditionis
625 4074 690 4116 suae
717 4052 854 4116 retendit
883 4052 1028 4115 insidias.
1082 4053 1125 4114 At
1151 4051 1184 4113 in
1211 4053 1360 4133 captione

405 4153 645 4237 Episcoporum
675 4153 801 4215 initium
832 4145 988 4215 rnalorum
1016 4151 1087 4228 suit,
1112 4166 1145 4214 et
1175 4153 1215 4214 ab
1245 4171 1284 4212 ea
1310 4150 1361 4212 die

406 4275 471 4316 non
498 4252 601 4315 defuit
624 4251 749 4334 gladius
771 4252 860 4314 lateri
884 4252 964 4334 ejus,
985 4262 1017 4313 et
1037 4251 1121 4314 sacta
1141 4261 1216 4311 sunt
1236 4268 1362 4330 semper

405 4354 580 4417 novissima
594 4350 733 4414 hominis
748 4351 902 4414 deteriora
919 4351 1087 4433 prioribus.
1133 4342 1219 4417 Quid
1238 4346 1358 4409 multa?
