3550 5467
277 724 346 768 cte.
363 706 473 785 xxm]
624 723 876 768 eoircntmcus.
1168 713 1226 770 371

277 874 432 950 divinum,
458 889 489 939 et
510 879 576 938 Deo
599 875 735 960 placens,
752 897 807 958 per
830 873 1056 938 inhabitantem
1080 877 1227 960 gratiam,

276 1001 341 1040 esse
353 977 454 1041 credit
466 978 641 1061 ingenium,
654 976 711 1039 etsi
725 999 781 1038 nec
795 977 902 1056 verba,
913 1000 969 1040 nec
982 999 1090 1041 sensus
1102 980 1227 1042 ercdmn

273 1078 444 1163 gentilium
463 1077 642 1163 fugiendos,
659 1077 836 1141 dummodo
859 1078 1000 1143 vitentur
1020 1102 1151 1158 errores,
1167 1081 1226 1144 hoc

273 1182 377 1265 ipsum
393 1180 502 1244 divina
518 1179 687 1264 prudentia
702 1180 734 1242 in
755 1177 889 1243 AEncide
905 1202 972 1259 sua,
989 1181 1049 1245 sub
1064 1181 1228 1246 involucro

273 1283 378 1347 fictitii
398 1282 580 1357 commenti,
600 1281 737 1343 innuisse
760 1280 846 1342 visus
868 1293 918 1343 est
942 1278 1048 1356 Maro,
1071 1282 1148 1346 dum
1173 1307 1226 1347 sex

273 1399 404 1449 aetatum
420 1382 552 1470 gradus,
568 1406 621 1446 sex
643 1382 796 1446 librorum
817 1380 1075 1446 distinctionibus
1089 1385 1228 1469 pruden-

276 1500 325 1550 ter
360 1486 527 1572 expressit.
573 1483 700 1562 Quibus
734 1483 924 1548 conditionis
960 1482 1119 1560 humanae,
1150 1487 1226 1549 dum

275 1587 453 1673 Odysscam
480 1586 636 1662 imitatur,
661 1598 766 1649 ortum
798 1587 975 1670 exprimere
1006 1585 1092 1648 visus
1121 1601 1168 1650 est
1196 1603 1227 1651 et

275 1711 469 1774 processum,
486 1688 656 1773 ipsumque
679 1686 774 1773 quein
797 1686 905 1751 educit
927 1701 959 1752 et
982 1688 1141 1773 provehit,
1157 1712 1228 1775 pro

275 1790 364 1855 ducit
390 1802 422 1853 et
451 1789 583 1854 deducit
609 1788 649 1853 ad
677 1812 794 1853 manes.
841 1792 923 1853 Nam
951 1792 1077 1863 AEueas,
1101 1792 1159 1874 qui
1183 1792 1226 1856 ibi

276 1892 407 1975 lingitur
422 1892 557 1969 animus,
573 1895 618 1957 sic
634 1891 748 1967 dictus,
765 1915 803 1956 eo
818 1893 906 1979 quod
922 1905 968 1956 est
984 1891 1125 1978 corporis
1141 1892 1230 1957 habi-

277 2009 380 2060 tator:
408 1994 508 2067 ἔνναιος
529 1993 624 2074 enim,
645 2006 680 2057 ut
703 1993 825 2058 Graecis
850 1996 965 2079 placet,
986 1992 1148 2058 habitator
1170 2014 1228 2071 est,

275 2096 360 2181 δέμας
374 2121 500 2183 corpus,
516 2111 547 2161 et
566 2097 607 2160 ab
630 2096 679 2160 his
703 2101 904 2184 componitur
928 2096 1058 2177 AEneas,
1074 2111 1110 2162 ut
1134 2099 1229 2184 signi-

276 2199 346 2265 ficet
367 2199 504 2262 animam
529 2198 618 2284 quasi
641 2198 744 2261 carnis
771 2198 901 2282 tugurio
924 2198 1130 2264 habitantem.
1178 2199 1228 2264 Sic

274 2302 371 2365 etiam
395 2304 583 2386 Neptunum
605 2301 831 2384 ennosigaeum,
846 2323 885 2364 eo
907 2299 995 2385 quod
1020 2301 1160 2387 Sigaeum
1182 2301 1228 2366 in-

275 2402 407 2467 habitet.
446 2403 572 2468 Primus
593 2401 701 2487 itaque
722 2401 802 2466 liber
823 2401 990 2480 AEneidos,
1011 2403 1072 2466 sub
1092 2404 1229 2488 imagine

275 2503 434 2589 naufragii
446 2504 629 2567 manifestas
640 2503 795 2582 infantize,
807 2525 880 2587 quae
896 2503 959 2565 suis
972 2502 1114 2584 procellis
1129 2505 1228 2587 egita-

278 2618 341 2687 tur,
355 2607 487 2692 exponit
505 2604 676 2679 tunsiones,
691 2616 721 2665 et
742 2603 774 2665 in
795 2603 856 2664 fine
872 2624 941 2679 suo,
956 2602 1152 2667 abundantia
1166 2605 1228 2667 cibi

274 2720 307 2771 et
323 2720 419 2793 potus
438 2703 562 2778 adulte,
577 2701 699 2786 prosilit
721 2700 762 2763 ad
782 2700 926 2765 laetitiam
948 2702 1153 2766 convivalem.
1190 2708 1227 2768 ln

273 2804 412 2870 confinio
442 2824 519 2886 ergo
555 2798 775 2864 adolescentiae
804 2800 964 2885 prodeunt
996 2801 1227 2887 colloquiorum

272 2904 472 2982 commercia,
487 2917 519 2968 et
534 2925 644 2967 eorum
666 2901 868 2990 intemperies
890 2916 946 2966 aut
962 2903 1087 2991 fabulas
1108 2921 1226 2982 narrat,

272 3025 332 3073 aut
348 3009 428 3070 veris
439 3005 518 3071 falsa
533 3005 712 3092 permiscet,
724 3028 762 3070 eo
777 3005 864 3092 quod
881 3005 1082 3092 multiloquio
1098 3021 1227 3093 peccata

271 3111 383 3176 deesse
398 3131 459 3173 non
472 3122 613 3195 possunt.
662 3109 762 3172 Porro
784 3107 896 3173 tertius
913 3109 1016 3173 varios
1033 3109 1226 3196 juventutis,

275 3211 368 3297 quasi
383 3233 456 3274 suos
476 3210 559 3274 canit
575 3231 712 3272 errores:
747 3233 785 3272 eo
799 3208 885 3294 quod
903 3208 956 3273 illa
972 3223 1048 3275 aetas
1064 3210 1147 3275 solos
1162 3212 1227 3275 fere

275 3312 364 3377 novit
379 3335 509 3376 errores.
549 3311 725 3397 Siquidem,
743 3326 778 3375 ut
794 3312 838 3376 ait
855 3311 1000 3392 Ethicus,

385 3442 513 3495 lmberbis
521 3443 625 3514 juvenis
637 3442 753 3505 tandem,
766 3442 872 3494 custode
884 3448 991 3508 remoto,

381 3526 486 3578 Gaudet
498 3526 578 3594 equis,
591 3525 759 3593 canibusque,
773 3530 800 3577 et
811 3526 891 3596 aprici
902 3527 1019 3594 gramine
1029 3527 1121 3597 campi.

380 3611 480 3664 Cereus
491 3612 518 3662 in
530 3611 620 3662 vitium
631 3608 712 3673 flecti,
721 3610 890 3662 monitoribus
902 3628 987 3682 asper,

374 3697 486 3749 Utilium
500 3695 589 3748 tardus
601 3696 723 3765 provisor,
736 3695 859 3766 prodigus
870 3698 938 3748 oeris.

274 3819 382 3884 Prima
396 3840 473 3902 ergo
488 3829 565 3882 aetas
585 3815 753 3892 nutricem,
770 3817 909 3881 secunda
929 3820 1093 3885 custodem
1117 3823 1224 3904 habet,

275 3921 368 3987 tertia
385 3943 451 4007 quo
473 3919 612 3995 liberior,
631 3941 668 3982 eo
690 3918 814 3983 facilius
838 3932 933 4000 errat,
954 3922 1095 3986 nondum
1118 3936 1222 3987 tamen

273 4022 416 4111 procedit
439 4022 480 4086 ed
504 4020 647 4087 crimina.
691 4023 833 4098 Quartus
857 4021 983 4086 illicitos
1005 4044 1126 4086 amores
1151 4047 1224 4088 con·

271 4126 368 4205 ciliat,
383 4139 415 4190 et
430 4125 535 4210 ignem
551 4120 769 4207 imprudenter
781 4134 968 4205 conceptum
985 4122 1017 4185 in
1033 4135 1170 4208 pectore,
1182 4124 1222 4189 ad

274 4231 408 4294 amantis
430 4227 586 4290 infelicem
602 4221 749 4309 producit
773 4243 895 4305 rogum.
942 4223 1057 4310 Neque
1070 4227 1153 4289 enim
1178 4230 1223 4290 in-

273 4330 428 4396 concessis
438 4328 566 4395 latalem
576 4321 805 4390 beatitudinem
817 4346 897 4403 esse,
907 4328 967 4391 sub
978 4338 1056 4412 typo
1069 4327 1223 4393 Mercurii

708 4445 726 4488 r
742 4425 764 4488 b
779 4432 799 4490 2
