3550 5467
412 732 470 791 144
663 742 797 788 rosus-rs
813 741 1094 787 ssussnsnmusrs
1207 726 1292 806 [nra.
1305 743 1360 789 vu.

408 898 480 960 loco
505 895 644 958 horroris
665 910 698 957 et
726 907 823 958 vastae
853 893 1046 970 solitudinis,
1066 894 1102 956 in
1125 904 1212 958 terra
1240 896 1358 959 scilieet

407 995 696 1078 oblivionis,·quam
712 992 757 1058 illi
772 995 962 1072 inhabitant,
983 994 1039 1078 qui
1055 995 1108 1057 sui
1130 996 1359 1059 obliviscuntur

406 1097 441 1159 in
466 1095 599 1171 mundo,
621 1098 706 1159 rclut
729 1096 877 1180 stupidus
902 1095 1049 1158 ludorum
1080 1097 1223 1159 vanitate
1249 1106 1357 1178 captus

406 1199 440 1260 in
455 1197 590 1275 theatro,
604 1197 696 1280 quasi
718 1197 760 1262 de
781 1195 871 1261 fonte
893 1217 969 1274 uno,
991 1198 1137 1260 omnium
1160 1198 1271 1282 capita
1291 1199 1357 1282 pul·

406 1298 508 1360 lulant
530 1297 686 1360 vitiorum.
731 1299 797 1361 Hic
821 1310 926 1362 autem
947 1308 1065 1380 puteus
1091 1297 1283 1381 cupiditatis
1301 1307 1355 1363 est.

407 1398 490 1460 Eam
515 1419 589 1461 vero
613 1399 660 1461 sic
682 1410 807 1482 panum
833 1398 951 1461 diffinit
972 1399 1158 1476 auctoritas,
1182 1409 1218 1461 nt
1240 1398 1358 1463 dicatur

408 1499 569 1582 cupiditas
583 1521 653 1563 esse
667 1522 756 1564 amor
770 1521 889 1574 eorum,
904 1521 977 1585 quie
998 1500 1073 1583 quis
1094 1500 1239 1564 amittere
1258 1511 1357 1584 potest

408 1601 535 1664 invitm.
580 1601 729 1665 Socistur
742 1602 826 1664 enim
842 1601 872 1664 ei
888 1599 1022 1663 stultitia
1037 1621 1158 1679 comes,
1175 1600 1314 1665 suadem
1326 1601 1356 1664 id

409 1702 508 1764 amari
522 1714 555 1765 et
570 1702 680 1787 quari,
694 1701 781 1787 quod
797 1703 896 1764 teneri
915 1722 981 1764 nou
995 1713 1112 1786 potest
1157 1702 1203 1766 Et
1225 1715 1276 1766 est
1287 1703 1357 1767 stul·

410 1801 481 1865 titia
494 1823 602 1865 eorum
617 1824 690 1886 quae
704 1801 836 1865 scienda
849 1814 934 1879 sunt,
947 1802 1063 1867 vitiosa
1076 1803 1270 1884 ignorantia
1306 1803 1355 1868 Sic

409 1923 480 1964 eam
493 1902 576 1965 liber
594 1902 700 1984 magni
719 1902 893 1983 Augustini
914 1901 955 1963 de
976 1902 1077 1964 libero
1096 1902 1229 1966 arbitrio
1250 1904 1355 1988 pingit

413 2000 448 2063 Si
469 2002 554 2065 enim
578 2002 738 2066 nesciatur
759 2001 847 2085 quod
869 2001 943 2064 sciri
964 2021 1030 2064 non
1052 2012 1173 2084 potest,
1189 2003 1224 2065 in
1244 2023 1356 2066 nomen

411 2100 552 2162 stultitia
567 2101 698 2164 minime
714 2100 811 2164 cadit
855 2103 899 2164 At
913 2120 1012 2184 quum
1027 2101 1078 2163 sui
1091 2100 1276 2181 ignorantia
1293 2102 1360 2186 quia

409 2211 545 2276 tenetur,
561 2201 674 2263 transit
687 2201 729 2263 ad
747 2202 869 2265 smltos
916 2202 952 2266 si
972 2202 1005 2263 in
1026 2202 1132 2276 bonis,
1149 2223 1223 2286 quae
1241 2202 1359 2266 minora

409 2311 555 2382 patenter
572 2314 657 2376 sunt,
679 2301 857 2385 majoribus
876 2302 1012 2385 praefert,
1028 2303 1125 2366 stulte
1141 2302 1281 2385 judicat
1324 2303 1356 2367 Si

409 2400 484 2465 vitia
498 2423 649 2484 sequeus,
659 2415 780 2486 partem
792 2425 884 2466 suam
900 2403 1087 2467 deteriorem
1101 2404 1357 2482 faciatstultitioe

410 2503 634 2568 maledictione
661 2505 836 2568 damnatur.
882 2505 919 2569 Si
941 2527 1017 2586 ergo
1042 2526 1129 2567 error
1154 2506 1250 2570 fucrit
1271 2506 1358 2589 cupi·

412 2604 511 2669 ditate
522 2626 707 2685 succensus,
718 2607 891 2690 praecipitii
903 2607 1072 2690 multiplex
1082 2607 1134 2670 vis
1148 2618 1249 2689 patet,
1262 2627 1356 2691 quum

412 2708 454 2770 ab
473 2727 578 2770 errore
597 2708 649 2786 sit,
663 2720 698 2772 nt
716 2709 824 2784 homo,
843 2707 921 2792 quid
942 2708 985 2770 sit
1004 2707 1206 2792 sequendum
1228 2710 1359 2790 ignoret,

410 2817 443 2870 et
467 2809 572 2890 ipsum
599 2810 632 2871 in
657 2810 742 2873 invio
765 2811 945 2885 abeuntem,
966 2809 1082 2872 fornax
1104 2809 1293 2892 cupiditatis
1315 2808 1359 2871 in·

412 2909 562 2972 flammet.
607 2912 652 2974 Et
674 2911 805 2995 quidem
834 2910 940 2973 adhuc
970 2912 1146 2994 prevalent
1176 2913 1275 2975 verba
1301 2912 1356 2974 ini·

412 3028 558 3089 quorum,
581 3010 659 3074 dum
680 3011 775 3075 homo
797 3011 934 3094 propria
956 3011 1150 3092 cognitionis
1170 3012 1311 3094 ignarus,
1327 3024 1358 3074 et

414 3107 532 3172 debitae
546 3111 754 3194 subjectionis
768 3112 948 3175 detrectans
957 3111 1086 3195 jugum,
1099 3113 1247 3176 fictitiam
1262 3133 1357 3198 quan·

414 3210 487 3274 dam
503 3213 632 3275 affectat
646 3214 832 3290 libertatem,
846 3223 883 3275 ut
897 3214 998 3296 possit
1012 3214 1115 3276 rivere
1131 3214 1202 3278 eine
1216 3227 1313 3288 metu,
1327 3226 1357 3276 et

413 3313 545 3394 impune
557 3314 645 3395 quod
653 3317 786 3378 voluerit
797 3316 911 3391 facere,
920 3327 953 3378 et
967 3313 1207 3398 quodammodo
1212 3316 1283 3401 jam
1292 3335 1356 3378 esse

412 3412 495 3474 sicut
509 3411 609 3473 Deus.
656 3415 731 3475 Non
751 3423 856 3478 tamen
878 3412 964 3497 quod
986 3414 1128 3478 divinam
1147 3417 1226 3479 velit
1247 3415 1358 3479 imitari

412 3511 598 3595 nouitatem,
614 3511 672 3574 sed
693 3514 812 3593 Deum,
826 3513 934 3577 dando
960 3516 1180 3598 impunitatem
1203 3517 1306 3594 malis,
1319 3514 1358 3579 ad

413 3631 502 3674 snam
533 3611 600 3673 vult
613 3614 765 3678 malitiam
795 3617 952 3679 inclinari.
996 3617 1050 3680 Dc
1078 3617 1189 3682 radice
1210 3639 1287 3700 ergo
1308 3638 1357 3681 su·

412 3711 531 3793 perbiae
553 3715 689 3796 surrepit
710 3716 850 3790 ambitio,
873 3718 1024 3800 potentia
1053 3718 1180 3780 scilicet
1201 3719 1358 3802 cupiditas

413 3823 446 3874 et
459 3811 600 3889 honoris,
623 3827 659 3877 ut
681 3815 757 3878 hinc
777 3817 858 3880 vires
878 3817 1053 3880 habeatne
1079 3831 1262 3900 prematur:
1285 3820 1357 3883 hinc

413 3916 579 3996 proveniat
604 3917 786 3992 reverentia,
812 3938 854 3979 ne
879 3919 1025 3981 vilescat.
1070 3917 1179 3983 Nemo
1203 3921 1289 3985 euim
1313 3931 1359 3983 est

413 4015 470 4098 qui
491 4036 555 4077 nou
580 4015 715 4098 gaudeat
737 4018 892 4094 libertate,
914 4019 1016 4101 etqui
1040 4019 1133 4093 vires,
1149 4021 1270 4103 quibus
1290 4042 1357 4084 eam

411 4125 725 4199 meatur,n0noptet
761 4114 851 4178 Nihil
862 4119 947 4180 euim
957 4128 1006 4182 est
1015 4119 1102 4203 quod
1110 4141 1177 4184 non
1190 4126 1224 4185 in
1235 4142 1355 4206 permu-

412 4216 563 4279 tationem
573 4217 764 4299 ejusveniat,
774 4218 900 4281 silocus
909 4219 1010 4282 adsit:
1026 4221 1168 4287 Servitus
1177 4225 1265 4287 euim
1275 4244 1357 4308 qun·

413 4314 489 4377 dam
499 4317 604 4397 imago
615 4317 724 4378 mortis
738 4327 798 4389 est,
808 4329 840 4380 et
851 4318 981 4383 libertas
992 4323 1147 4385 securitas
1159 4325 1243 4389 rite.
1283 4324 1358 4388 Inde
