3550 5467
415 725 475 784 156
668 740 805 784 roasurs
821 740 1097 786 sranssarusssrs
1209 727 1294 801 [arn
1312 741 1362 787 vrr.

412 903 470 965 est,
495 890 535 953 de
562 889 718 954 solutione
744 890 904 976 implenda
931 890 1198 956 sufficientissime
1224 911 1362 975 cautum,

412 992 599 1077 pignoribus
620 1005 651 1056 et
675 992 913 1077 fidejussoribus
935 993 1029 1068 datis,
1052 993 1190 1080 diesque
1215 998 1363 1083 praefixus

412 1111 461 1157 est
473 1093 617 1157 electioni
631 1094 811 1158 solemniter
821 1094 1029 1159 celebrandae.
1075 1098 1188 1174 Quum
1199 1097 1309 1186 itaque
1323 1103 1360 1165 ad

413 1195 496 1258 diem
527 1195 766 1281 archiepiscopi,
797 1195 948 1282 episcopi,
974 1206 1006 1259 et
1031 1196 1145 1261 multae
1174 1202 1363 1266 venerabiles

413 1320 556 1382 personae
575 1301 805 1376 convenissent,
825 1298 979 1380 praelatus
1002 1298 1223 1366 Cancellarius
1243 1325 1364 1389 compe·

415 1401 547 1464 titorum
582 1422 702 1478 causas,
731 1415 763 1464 et
799 1401 879 1486 quid
914 1423 989 1466 curn
1024 1422 1226 1489 unoquoque
1260 1428 1360 1469 eorum

414 1503 540 1588 egisset,
562 1504 720 1588 exposuit,
741 1503 860 1582 dicens,
881 1526 915 1566 se
939 1504 1055 1567 exinde
1080 1528 1121 1568 ex
1145 1506 1360 1592 episcoporum

415 1606 570 1669 sententia
579 1627 809 1691 processurum.
842 1604 1009 1668 Damnatis
1019 1628 1096 1690 ergo
1106 1609 1362 1693 competitoribus

414 1707 599 1781 simoniacis,
623 1728 744 1791 pauper
770 1705 952 1785 monachus,
973 1718 1004 1769 ct
1032 1707 1132 1770 totius
1159 1708 1205 1770 rei
1229 1707 1363 1792 ignarus,

414 1809 562 1873 canonice
576 1807 706 1887 electus,
720 1807 927 1893 approbatus,
943 1821 975 1871 et
990 1807 1196 1873 introductus
1211 1821 1270 1876 est.
1315 1810 1362 1874 Illi

415 1926 519 1975 tamen
535 1909 634 1973 coacti
650 1924 724 1972 sunt
740 1912 859 1973 solvere
880 1908 924 1983 id,
940 1910 973 1972 in
993 1932 1060 1995 quo
1082 1933 1115 1973 se
1135 1910 1361 1996 obligaverant,

414 2011 565 2097 usquead
579 2011 781 2074 novissimum
794 2011 1014 2096 quadrantem.
1053 2013 1186 2078 Utinam
1195 2013 1242 2078 ita
1254 2029 1362 2099 agatur

414 2136 486 2175 cum
514 2113 617 2197 procis
642 2112 766 2190 nostris,
789 2113 845 2197 qui
872 2135 980 2178 omncs
1007 2113 1098 2176 sedes
1124 2114 1292 2191 olfaciunt,
1313 2116 1363 2180 ad-

416 2214 534 2278 tentius
563 2212 692 2297 quidem
723 2230 754 2275 et
784 2213 951 2293 curiosius,
980 2237 1077 2299 quam
1107 2214 1207 2279 odora
1239 2219 1289 2282 vis
1311 2232 1362 2282 aut

413 2317 569 2401 sagacitas
586 2336 711 2390 canum,
728 2315 889 2380 formellas
909 2316 1066 2402 leporum,
1085 2333 1140 2382 aut
1163 2318 1302 2384 ferarum
1322 2321 1362 2384 la-

413 2419 519 2483 tebras
543 2416 769 2503 deprehendat.
817 2418 849 2481 Si
877 2419 953 2482 milri
979 2419 1171 2496 crederetur,
1195 2425 1241 2486 sic
1262 2422 1364 2486 exclu-

414 2521 566 2586 derentur
581 2518 683 2598 atilli,
698 2520 755 2605 qui
773 2519 972 2584 dissimulata
991 2521 1164 2586 ambitione
1183 2524 1314 2600 cedunt,
1330 2537 1363 2587 ut

416 2623 552 2687 validius
563 2623 739 2707 irrumpant
749 2624 782 2685 in
794 2622 912 2698 sedem,
924 2645 943 2685 a
957 2646 1033 2708 qua,
1046 2623 1128 2688 sicut
1138 2627 1203 2711 ipsi
1215 2625 1364 2702 latentur,

414 2727 541 2791 fuerant
562 2725 743 2813 repellendi.
791 2726 955 2811 Siquidem
974 2727 1100 2811 justum
1121 2741 1204 2807 arat,
1220 2743 1255 2793 ut
1276 2729 1316 2793 de
1333 2752 1364 2794 se

415 2828 475 2891 sibi
497 2842 607 2892 contra
629 2851 661 2891 se
684 2827 877 2892 crederetur.
918 2828 1004 2904 Quid
1027 2827 1109 2891 eninr
1134 2831 1166 2892 in
1190 2831 1237 2894 eis
1259 2831 1362 2907 lateat,

415 2952 507 2993 nemo
535 2930 660 2995 fidelius
689 2931 786 2993 novit.
848 2927 959 2991 Plures
993 2944 1098 2992 tamen
1135 2929 1363 2996 incontinenter

414 3032 572 3108 ambiunt,
587 3046 619 3096 et
634 3031 846 3118 impudenter.
894 3033 1024 3095 Frustra
1038 3032 1133 3110 enim,
1150 3047 1187 3096 ut
1207 3056 1364 3121 quemque

413 3156 522 3196 eorum
533 3133 681 3218 excipias,
691 3132 829 3217 aliquem
839 3152 980 3216 oppones
990 3128 1131 3207 titulum,
1144 3134 1221 3218 quia
1233 3132 1364 3198 clamore

414 3235 611 3299 conductitio
631 3235 822 3320 praevalente
842 3231 1010 3309 delebitur,
1025 3236 1292 3300 concurrentibus
1312 3260 1364 3301 ex-

413 3336 526 3421 emplis
536 3350 567 3400 et
578 3336 793 3399 sanctionibus
806 3348 946 3420 patrum.
987 3334 1142 3417 Ignobilis
1156 3350 1220 3400 est:
1246 3338 1364 3402 sednec

414 3441 531 3502 Petrus
550 3438 703 3523 patricius
724 3437 843 3511 extitit,
862 3453 918 3500 aut
936 3435 1051 3499 alicubi
1071 3436 1112 3500 de
1134 3437 1279 3504 claritate
1301 3462 1366 3502 san-

413 3538 521 3624 guinis
539 3537 706 3622 gloriatur.
752 3537 859 3602 Minor
875 3553 943 3604 est:
970 3538 1166 3603 Hieremiam
1182 3554 1214 3604 et
1230 3563 1365 3626 praecur·

415 3662 515 3702 sorem
529 3640 658 3704 Domini
674 3640 769 3704 habet
785 3654 939 3704 auctores.
978 3643 1062 3705 Puer
1077 3654 1140 3705 est:
1164 3656 1196 3706 et
1213 3656 1365 3708 monstrat

415 3742 551 3805 seniores
562 3765 580 3804 a
591 3742 724 3805 Daniele
733 3765 831 3828 puero
843 3743 1078 3807 condemnatos.
1113 3743 1292 3810 llliteratus
1306 3759 1365 3810 est:

415 3843 1141 3930 necscbolasfrequentasselegunturApostoli.
1165 3846 1366 3931 Conjugatus

415 3959 480 4013 est:
504 3961 538 4009 at
554 3944 728 4033 Apostolus
744 3948 839 4010 unius
852 3946 961 4009 uxoris
977 3946 1079 4009 virum
1092 3947 1240 4033 praecipit
1252 3949 1364 4031 eligen-

414 4048 501 4110 dum.
521 4046 557 4109 ln
567 4046 714 4133 injuriam
726 4047 917 4110 matrimonii
927 4047 1073 4110 suisuam
1081 4046 1212 4132 reliquit
1223 4069 1363 4111 uxorem:

414 4163 445 4213 ct
456 4151 478 4212 J
482 4171 624 4212 oannesa
636 4151 757 4234 nuptiis
767 4149 806 4210 ad
819 4147 1030 4231 Evangelium
1043 4148 1183 4212 traditur
1194 4165 1364 4214 revocatus.

416 4251 547 4334 Opicus,
576 4264 632 4314 aut
663 4249 770 4334 potius
801 4248 938 4332 elinguis
966 4264 1034 4312 est:
1059 4252 1114 4314 sed
1147 4255 1258 4316 Aaron
1290 4253 1364 4316 vices

417 4349 597 4434 Moysi,qui
608 4364 675 4413 erat
686 4348 895 4434 impeditioris
908 4347 1039 4431 linguar,
1049 4350 1143 4412 etianr
1155 4351 1363 4417 sacerdotium
