3550 5467
412 700 478 758 300
672 713 809 760 scaurus
825 713 1108 765 suumamsnsrs
1199 706 1282 779 [cta.
1296 721 1358 766 nn.

415 960 495 1042 Cap.
514 961 562 1018 15.
589 954 796 1016 Honestatem
813 959 875 1016 out
888 955 1000 1032 colam,
1014 963 1076 1019 out
1093 979 1170 1039 prae
1182 962 1307 1023 coeterie
1318 980 1363 1021 cr-

455 1056 635 1139 petendom,
650 1061 681 1117 et
695 1057 729 1117 tn
742 1076 780 1117 eo
797 1061 864 1117 tota
877 1055 1067 1121 liberalitati
1084 1058 1191 1123 ἱοαιηι
1207 1082 1274 1124 esec
1289 1080 1365 1143 pre·

454 1162 600 1242 cipetum,
630 1163 661 1219 et
689 1164 841 1220 econtra
863 1161 1037 1223 avaritiam
1059 1163 1173 1243 plorioe
1188 1163 1361 1245 plurimum

455 1261 633 1324 adcertmi.

458 1377 562 1440 Sucuu
576 1386 684 1439 autem
706 1373 821 1458 gloria,
835 1397 908 1458 qnoe
923 1386 983 1455 est,
1005 1388 1042 1438 ut
1064 1377 1216 1444 Ciceroni
1240 1378 1360 1463 placuit,

414 1480 566 1564 irequeus
584 1475 670 1539 fama
690 1495 761 1538 cunt
782 1474 889 1553 laude,
903 1499 922 1539 a
936 1475 1043 1540 radice
1060 1479 1195 1545 virtutis
1209 1481 1322 1558 oritur,
1335 1494 1363 1546 et

413 1578 516 1665 ipsius
530 1577 650 1641 lumine
660 1574 820 1640 duntaxat
834 1573 1025 1655 illustratur,
1037 1577 1085 1640 ita
1095 1577 1285 1663 ignominia,
1297 1605 1364 1646 con-

414 1680 511 1757 lusio,
525 1693 558 1743 et
573 1681 600 1743 ei
615 1676 693 1762 quid
710 1674 797 1740 aliud
814 1677 957 1751 dedecet,
969 1699 989 1741 a
999 1676 1078 1741 vitio
1094 1680 1195 1744 trahit
1205 1682 1366 1767 originem,

414 1796 447 1846 et
468 1790 666 1868 provectum.
712 1777 786 1843 Sive
808 1779 891 1843 enim
915 1793 972 1843 aut
992 1778 1059 1843 sola
1077 1781 1230 1848 honestas
1252 1785 1365 1849 bonum

415 1888 469 1961 sit,
484 1898 521 1950 ut
538 1882 655 1948 Stoicis
675 1882 867 1968 quibusdam
888 1880 1005 1967 placet,
1022 1882 1088 1945 sire
1102 1889 1317 1970 praecipuum‚
1337 1901 1367 1953 et

416 2007 484 2071 pree
498 1985 623 2048 caeteris
637 1982 864 2069 expetendum,
886 1983 969 2046 sicut
984 2001 1131 2050 asserunt
1154 1989 1367 2075 Peripatetici,

415 2086 476 2149 hoc
491 2105 724 2168 usquequaque
746 2082 915 2146 indubium
939 2098 997 2163 est,
1021 2086 1100 2171 quia
1120 2088 1202 2154 nihil
1222 2105 1368 2177 expeten-

417 2185 532 2249 dorum
544 2183 734 2246 adversatur
744 2183 886 2248 honesto.
924 2185 1116 2251 laudentur
1126 2203 1254 2266 caetera,
1267 2209 1297 2257 et
1309 2215 1366 2257 non

417 2284 600 2372 insipienter
613 2297 779 2371 optantur,
793 2305 829 2350 ut
845 2287 929 2351 bona
943 2287 1099 2368 valitudo,
1111 2291 1218 2357 clarus
1232 2297 1366 2381 sanguis,

418 2409 523 2454 rernm
540 2386 643 2472 copia,
659 2386 713 2450 sed
726 2386 804 2451 nihil
818 2389 953 2454 istorum
964 2403 1091 2477 turpem
1100 2408 1159 2457 aut
1170 2393 1367 2463 inhonestum

418 2490 578 2556 hominem
598 2489 676 2555 facit
690 2512 759 2554 esse
768 2489 970 2557 laudabilem.
1016 2494 1183 2581 Siquidem
1200 2498 1241 2562 de
1253 2502 1369 2567 valetu-

420 2595 495 2659 dine
516 2593 600 2658 bonu
622 2592 715 2669 vires,
738 2592 778 2656 de
800 2593 922 2658 viribus
937 2596 1109 2674 temeritas,
1131 2598 1173 2662 de
1196 2603 1369 2667 temeritate

423 2696 585 2773 violentia,
600 2695 641 2760 de
656 2694 805 2759 uiolentia
825 2696 973 2761 stimulus
988 2696 1128 2780 ultiouis,
1149 2706 1244 2787 quasi
1258 2705 1324 2768 odii
1338 2720 1367 2769 et

420 2796 577 2860 bellorum
592 2794 647 2858 fax
663 2815 792 2859 accensa
812 2793 1036 2876 inflammetur,
1052 2799 1266 2888 sequiturque
1276 2805 1367 2890 justi·

420 2897 473 2962 tiae
495 2910 695 2983 contempus,
715 2895 821 2982 legum
841 2901 1071 2982 praevaricatio,
1084 2914 1117 2965 et
1139 2908 1304 2971 concussio
1324 2909 1367 2973 in·

419 2997 529 3078 quieta
539 2989 660 3083 publici
672 3010 784 3063 status.
823 2999 938 3065 Clarus
952 3003 1081 3086 sanguis
1092 3003 1260 3073 elationem
1278 3011 1367 3097 parit,

419 3100 593 3184 potentiam
622 3099 760 3176 affectat,
786 3101 949 3168 conculcat
974 3105 1151 3188 inferiores,
1177 3134 1270 3196 pares
1296 3136 1366 3180 con-

419 3200 544 3281 temnit,
555 3201 853 3286 superioreshabere
865 3203 1365 3299 dedignatur,loquiturgrandia,

416 3312 505 3367 totus
521 3315 620 3367 tumet
636 3305 703 3367 alto
717 3326 896 3391 magnoque
912 3308 1073 3392 sanguine,
1088 3325 1242 3399 tanquam
1258 3317 1365 3383 lecerit

415 3405 484 3488 ipse
499 3404 619 3489 aliquid
637 3407 869 3493 propterquod
893 3409 1006 3502 nobilis
1020 3434 1087 3476 esse
1101 3414 1230 3493 debeat,
1245 3422 1295 3483 sui
1310 3420 1365 3483 im-

415 3527 547 3580 memor,
568 3530 677 3571 eorum
702 3531 776 3594 quae
798 3524 882 3574 retro
898 3535 964 3576 esse
987 3513 1137 3580 videntur
1156 3519 1363 3597 obliviscitur,

414 3616 447 3666 et
462 3626 495 3666 se
516 3605 549 3667 in
565 3608 724 3673 anteriore
739 3613 805 3675 sine
821 3613 911 3679 cultu
935 3614 1073 3696 virtutis,
1090 3618 1249 3690 ridiculus
1266 3626 1363 3691 Thra·

413 3705 496 3768 sonis
511 3705 653 3771 imitator
667 3711 821 3777 extendit.
867 3717 978 3803 Inquit
994 3718 1134 3784 ethicus:

517 3821 592 3873 Malo
603 3828 677 3892 pater
689 3824 736 3875 tibi
749 3827 784 3878 sit
796 3827 941 3898 Thersites,
953 3834 1092 3887 dummodo
1103 3843 1133 3888 tu
1145 3838 1182 3890 eis

518 3907 635 3959 AEacidae
646 3908 747 3974 similis,
761 3911 942 3986 Vulcaniaque
954 3937 1027 3972 arma
1038 3939 1174 3992 repensam

517 3993 604 4055 Quam
615 4000 643 4045 te
655 3994 788 4051 Thersitae
800 4001 913 4055 similem
925 4007 1048 4076 producat
1059 4007 1190 4062 Achilles.

412 4097 497 4162 Nolo
520 4111 624 4163 tamen
642 4112 678 4163 ut
694 4100 725 4164 in
742 4104 891 4190 injuriam
919 4132 1008 4174 suam
1036 4110 1159 4177 dictum
1190 4132 1298 4183 noster
1321 4118 1365 4181 Si-

409 4199 551 4263 monides
572 4199 732 4288 opinetur,
756 4209 858 4272 atavis
881 4210 1010 4297 quidem
1038 4212 1145 4280 editus
1172 4220 1317 4304 regibus,
1336 4238 1365 4284 et

408 4298 597 4381 Capitolinis
623 4310 811 4388 generosior,
835 4324 866 4376 et
893 4312 1064 4387 Marcellis,
1091 4331 1123 4382 et
1150 4322 1305 4387 omnibus
1330 4321 1367 4387 ad
