3550 5467
269 774 336 817 cna.
357 757 419 835 vn]
623 772 877 818 muronarrous.
953 774 957 781 ·
1163 761 1226 820 ‘2⁸25

269 922 346 1007 quid
369 924 504 1009 quodie
526 925 594 1008 geri
609 938 765 1009 oporteat,
781 939 812 987 et
837 923 1030 1009 quotidianis
1053 925 1224 989 ministrari

266 1023 420 1087 conviviis
436 1022 627 1088 domesticus
650 1025 786 1088 dictator
806 1043 897 1088 nocte
919 1025 1035 1110 dieque
1058 1024 1223 1090 deliberat.

269 1125 495 1213 Undecunque
524 1128 685 1213 conquirit
718 1128 916 1191 irritamenta
949 1127 1045 1212 gula,
1076 1148 1108 1191 et
1140 1131 1223 1192 unde

268 1226 366 1311 palati
378 1229 460 1292 vires
471 1229 588 1292 excitet
605 1229 756 1302 hebetati,
768 1228 846 1291 nihil
858 1229 1016 1292 arbitrans
1025 1230 1223 1315 expeditum,

267 1327 325 1392 nisi
341 1353 444 1416 quum
460 1331 712 1417 intemperantiae
727 1331 825 1393 fuerit
839 1331 1046 1395 satisfactum.
1094 1334 1175 1395 Sunt
1191 1346 1222 1394 et

268 1433 323 1516 qui
345 1432 469 1519 poculis
484 1432 605 1497 fercula
628 1434 796 1508 subruant,
812 1446 843 1494 et
859 1434 948 1518 quasi
967 1434 1128 1495 Homerici
1150 1457 1222 1496 auc-

268 1535 398 1598 toritate
409 1536 527 1601 decreti
538 1538 731 1601 incentivum
745 1535 874 1620 ingenii,
887 1551 918 1600 et
931 1537 1070 1599 fomitem
1085 1537 1223 1612 virtutis,

267 1647 300 1698 et
314 1636 476 1720 quendam
492 1637 661 1701 hilaritatis
676 1637 797 1699 sontem
810 1639 993 1720 opinantur,
1007 1635 1031 1698 si
1049 1659 1080 1698 se
1096 1640 1224 1699 omnino

267 1755 355 1798 mero
370 1737 510 1802 sicerave
531 1737 719 1822 proluerint.
767 1737 938 1800 Phaeacum
955 1757 1033 1821 ergo
1049 1758 1135 1798 more
1152 1758 1225 1798 con-

267 1851 419 1920 surgunt,
434 1853 465 1902 et
482 1841 537 1924 qui
553 1841 585 1903 in
601 1838 827 1902 exhauriendis
844 1838 967 1924 poculis
986 1838 1142 1922 perditior
1166 1856 1227 1917 est,

267 1940 374 2026 potior
393 1941 569 2026 judicatur.
617 1942 691 2005 Dici
712 1942 802 2021 solet,
817 1941 895 2027 quia
910 1940 1029 2005 aleator
1053 1956 1176 2027 quanto
1192 1946 1224 2006 in

267 2053 338 2104 arte
353 2039 487 2122 doctior,
498 2055 588 2106 tanto
604 2045 756 2127 nequior;
784 2058 814 2105 et
831 2041 925 2127 plane
941 2042 996 2127 qui
1011 2042 1151 2106 bibacior
1165 2059 1224 2121 est,

268 2141 347 2206 alios
378 2143 500 2208 malitia
529 2158 561 2208 et
591 2144 759 2229 iniquitate
778 2144 984 2209 transcendit.
1041 2145 1223 2207 lmmolavit

272 2242 371 2307 lsrael
393 2254 575 2329 apostatans
598 2267 616 2306 a
639 2242 769 2308 salutari
791 2269 860 2319 suo,
884 2245 965 2308 filios
988 2260 1017 2309 et
1046 2245 1126 2309 filias
1151 2269 1224 2309 suas

270 2343 448 2422 daemoniis,
463 2357 495 2408 et
510 2344 562 2407 isti
584 2343 661 2406 dum
683 2343 931 2427 ingurgitatione
949 2345 1011 2408 vini
1038 2359 1092 2409 aut
1116 2347 1223 2410 sicerae

270 2446 421 2530 spiritum
437 2444 633 2531 deprimunt,
649 2445 842 2530 extinguunt
860 2446 1062 2510 scintillulam
1080 2449 1221 2522 rationis,

270 2568 303 2609 se
334 2559 420 2609 totos
448 2545 658 2610 immunditiae
697 2531 907 2631 prostituunt,
939 2561 970 2609 et
1001 2547 1222 2609 bacchantium

272 2645 398 2732 spiritui
422 2645 591 2720 devovent,
616 2644 768 2730 quidnam
797 2657 930 2730 possunt
956 2645 1142 2709 santiliarius
1166 2648 1226 2709 im·

270 2747 413 2813 molare?
444 2750 605 2813 Caeterum
622 2759 696 2810 sunt
717 2748 774 2832 qui
798 2747 856 2809 ista
878 2761 1090 2812 contemnunt.
1136 2746 1226 2820 Quo-

271 2850 357 2914 niam
380 2850 449 2914 haec
472 2849 666 2933 vulgarium,
689 2864 721 2912 et
746 2851 791 2927 (ut
815 2849 861 2911 ita
883 2848 1002 2927 dicam)
1029 2848 1225 2933 plebeiorum

271 2955 488 3018 conviviorum
517 2952 643 3015 videtur
669 2974 736 3014 esse
763 2951 925 3035 professio.
973 2952 1136 3036 Siquidem
1164 2953 1226 3015 alia

272 3055 502 3141 philosophica,
521 3053 583 3117 alia
605 3053 720 3127 civilia,
743 3052 805 3115 alia
827 3053 982 3117 dicuntur
1004 3077 1070 3116 esse
1092 3054 1225 3138 plebeia.

272 3163 311 3225 ln
334 3158 385 3222 his
408 3155 495 3219 laudi
517 3155 704 3240 plerumque
726 3152 865 3232 ducitur,
881 3155 907 3217 si
931 3155 974 3217 sic
997 3168 1053 3219 tna
1076 3156 1226 3240 prodigas

272 3260 380 3338 semel,
390 3273 425 3324 ut
440 3259 644 3322 trimenstruo
661 3272 727 3320 toto
739 3256 879 3319 esuriens
895 3256 1029 3320 conviva
1044 3258 1224 3342 impudens,

272 3385 396 3428 mensas
410 3360 585 3424 circumeas
605 3358 731 3421 alienas.
779 3358 851 3420 Hoc
866 3358 996 3443 quidem
1014 3381 1097 3442 soepe
1120 3359 1224 3441 prodi-

271 3462 424 3552 galitatis,
437 3461 598 3525 interdum
615 3474 646 3524 et
661 3456 804 3523 avaritiae
820 3473 895 3522 uota
909 3473 966 3523 est.
999 3460 1094 3535 Nam,
1110 3474 1145 3523 ut
1162 3460 1224 3523 dici

272 3565 364 3641 solet,
379 3585 496 3627 avarus
516 3585 617 3648 quum
634 3561 756 3646 incipit,
772 3561 902 3624 modum
922 3561 1057 3626 excedit.
1103 3561 1226 3626 Poteris

271 3667 379 3733 videre
401 3665 665 3752 quamplurimos,
681 3663 736 3747 qui
754 3664 820 3727 fere
835 3686 918 3727 anno
935 3679 1003 3728 toto
1025 3664 1224 3749 parsimoniae

271 3769 412 3844 student,
435 3783 467 3831 et
490 3766 531 3830 ad
555 3765 751 3852 purgandam
774 3766 916 3830 avaritiae
939 3767 1054 3842 labem,
1073 3768 1225 3852 epulones

270 3879 456 3944 convocant,
471 3880 502 3931 et
522 3869 689 3950 parasitos,
706 3881 737 3929 et
753 3866 924 3950 collegium
949 3883 1152 3951 nugatorum,
1167 3867 1225 3952 qui

271 3974 384 4038 alienae
398 3971 509 4036 nidore
525 3968 639 4033 culinoe
654 3968 836 4055 capiuntur,
852 3982 883 4033 et
906 3994 987 4055 qnos
1007 3974 1105 4053 magis
1128 3970 1227 4031 hono·

272 4098 342 4139 rare
359 4071 531 4150 voluerint,
545 4071 720 4156 majoribus
738 4086 884 4134 oneratos
908 4070 1082 4133 minoribus
1105 4067 1227 4153 poculis

272 4175 476 4262 ingurgitant
500 4187 530 4236 et
554 4170 754 4245 distendunt,
772 4185 804 4234 et
826 4172 926 4235 donec
949 4168 1091 4233 rabidam
1115 4167 1226 4229 orexin

272 4276 450 4349 excutiant,
477 4272 598 4358 aliquid
629 4272 790 4348 amicitiae,
814 4285 870 4334 aut
896 4269 1062 4334 festivitati
1092 4266 1226 4329 credunt

273 4401 341 4442 esse
358 4378 566 4441 subtractum.
613 4376 659 4437 Ar
682 4373 742 4436 hoc
766 4375 807 4436 ab
831 4372 917 4434 omni
944 4370 1124 4432 urbanitate
1148 4365 1226 4428 adeo

315 4499 390 4545 Ἴθι.
407 4496 452 4541 lv·
740 4494 762 4545 Q
