3550 5467
287 775 361 820 car.
378 760 470 839 usin]
680 775 935 821 consonamus.
1186 763 1245 822 291

290 926 415 990 sissime
450 940 606 1012 exceptus
641 940 722 991 esset
757 926 908 1014 hospitio,
938 949 1058 990 memor
1089 925 1182 990 officii
1212 940 1244 990 et

290 1025 437 1113 hospitii,
453 1027 632 1114 Apollinem
647 1050 742 1115 quem
765 1028 974 1116 suspenderat
992 1051 1011 1091 a
1031 1027 1198 1114 responsis,
1214 1039 1247 1090 et

293 1127 568 1197 ludificationibus
585 1131 774 1211 animarum,
788 1130 958 1195 sacerdotis
977 1130 1125 1217 precibus
1144 1129 1246 1193 relax-

292 1230 371 1296 avit.
432 1230 595 1317 Siquidem
626 1231 713 1317 apud
745 1232 922 1296 Eusebium
959 1231 1183 1296 Caesariensem
1211 1231 1245 1299 in

292 1331 506 1397 ecclesiastica
527 1330 659 1397 historia
683 1346 834 1417 poterunt
859 1332 928 1397 haec
950 1333 1075 1419 plenius
1100 1332 1245 1396 inveniri.

292 1434 410 1519 quue
442 1434 599 1499 referente
629 1445 765 1510 constat,
795 1434 883 1519 quod
919 1436 1063 1499 sacerdos
1091 1432 1246 1518 querulus

292 1533 426 1601 beatum
456 1535 647 1619 Gregorinm
677 1548 876 1620 prosecutus,
906 1548 938 1599 et
967 1556 1065 1619 agens
1093 1534 1248 1599 adversus

291 1656 366 1701 eurn
396 1632 647 1720 ingratitudinis,
673 1646 705 1698 et
734 1633 932 1719 exprobrans
961 1633 1153 1698 humanitati
1182 1654 1248 1698 suae

293 1734 407 1822 iniquo
421 1736 562 1821 pondere
578 1759 645 1801 esse
660 1757 841 1822 repensum,
857 1735 973 1800 banca
995 1748 1104 1801 sancto
1119 1736 1188 1801 viro
1207 1736 1248 1801 sd

292 1836 477 1924 Apollinem
510 1860 605 1902 suurn
639 1835 804 1924 epistolam
839 1836 1249 1924 reportavit-Gregorius

295 1939 461 2027 Apollini:
497 1940 654 2007 Permitto
684 1953 715 2005 te
745 1939 848 2005 redire
877 1940 919 2007 ad
949 1944 1053 2007 locum
1084 1952 1187 2019 tuum,
1216 1954 1249 2007 et

292 2065 391 2129 agera
412 2065 486 2129 quae
507 2042 713 2109 consuevisti.
759 2043 866 2120 Quum
894 2065 971 2129 ergo
992 2041 1078 2108 idolo
1103 2045 1249 2111 sacerdos

295 2142 462 2231 epistolam
487 2144 686 2222 reddidisset,
702 2144 828 2211 solutus
849 2145 975 2212 damon
991 2146 1147 2233 responsis
1162 2170 1249 2212 more

294 2245 391 2312 solito
418 2246 584 2313 ludificare
612 2247 720 2333 coepit.
772 2245 869 2313 Unde
898 2248 1043 2314 sacerdos
1071 2246 1249 2315 admiratus

294 2347 385 2414 illius
412 2347 622 2435 majestatem,
651 2349 743 2434 cnjus
771 2350 854 2414 servi
883 2349 1020 2416 humiles
1045 2365 1179 2437 possunt
1205 2352 1250 2416 sic

296 2447 394 2517 etism
408 2449 472 2514 diis
485 2450 630 2535 gentium
650 2452 817 2537 imperare,
833 2465 865 2517 et
886 2453 984 2517 verbo
998 2454 1202 2539 suspendere,
1216 2468 1249 2519 et

299 2565 462 2637 torquere,
478 2563 662 2638 contempto
683 2552 834 2638 Apolline
857 2576 926 2629 suo,
947 2577 1146 2641 sequensque
1171 2555 1252 2619 Gre-

295 2653 425 2739 goriam
440 2653 576 2722 adhaesit
593 2655 639 2730 eis
664 2654 833 2740 factusque
852 2668 901 2719 est
920 2655 1098 2741 discipulus
1116 2655 1249 2734 Christi,

296 2757 354 2844 qni
368 2758 516 2826 ssoerdos
531 2757 689 2844 Apollinis
703 2760 825 2823 luerat:
850 2759 897 2822 ita
914 2761 946 2822 in
968 2757 1032 2822 fide
1051 2772 1084 2822 et
1099 2757 1250 2841 religione

296 2858 444 2946 profecit,
475 2872 514 2925 ut
542 2859 637 2926 beato
668 2860 826 2946 Gregorio
853 2859 1002 2925 credatur
1033 2860 1068 2924 in
1096 2859 1251 2945 regimine

296 2960 562 3027 Nsoeaessriensis
584 2962 723 3027 ecclesiae
747 2961 939 3027 successisse.
985 2961 1031 3025 Et
1053 2960 1249 3046 sicquidem

295 3063 449 3130 sedulitas
477 3064 613 3151 hospitis
641 3065 779 3130 humane
808 3065 910 3151 prins,
936 3064 1051 3129 deinde
1079 3064 1250 3130 salubriter

297 3177 500 3231 remunerata
514 3179 571 3232 est.
611 3170 777 3232 Postremo
785 3167 845 3231 etsi
857 3166 1048 3232 urbanitatis
1062 3167 1095 3231 in
1110 3166 1252 3252 hospites

296 3264 594 3351 exercendoeapud
618 3266 739 3332 ethicos
765 3266 854 3330 nulla
882 3269 994 3350 regula
1018 3280 1112 3341 esset,
1139 3265 1252 3329 beatus

297 3365 492 3432 Benedictus
513 3367 545 3431 in
569 3367 711 3453 capitulo
732 3367 773 3432 de
796 3367 988 3454 hospitibus,
1011 3365 1167 3453 frugalem
1191 3365 1251 3430 hu·

297 3469 482 3535 manitatem
504 3492 566 3534 non
588 3471 683 3534 modo
704 3470 860 3555 religiose,
875 3470 930 3535 sed
949 3471 1045 3534 ctiam
1065 3466 1197 3535 comiter
1218 3482 1251 3534 et

297 3568 420 3636 urbane
435 3569 563 3634 videtur
577 3570 764 3656 exprimere.
806 3574 880 3637 Hoc
896 3582 1001 3636 tamen
1017 3571 1105 3657 quod
1120 3571 1153 3636 iu
1169 3570 1251 3636 libro

297 3671 568 3739 consuetudinum
582 3673 841 3739 cisterciensium
853 3674 941 3761 apud
953 3673 1120 3760 plerosque
1132 3674 1251 3761 legitur

296 3788 330 3843 et
354 3787 492 3848 tenetur,
516 3776 605 3862 quod
627 3776 668 3841 ad
692 3776 774 3842 duos
797 3777 948 3844 articulos
969 3791 1091 3865 spectat
1113 3777 1253 3865 hospita·

298 3876 398 3943 litatis
418 3877 635 3952 instituendae,
656 3880 698 3942 ab
719 3879 805 3944 omni
826 3880 990 3960 civilitate,
1010 3903 1050 3945 ne
1069 3878 1171 3944 dicam
1193 3880 1251 3944 hn-

298 3978 463 4054 manitate,
483 3979 621 4045 alienum
643 3994 700 4048 est.
747 3982 778 4045 Si
803 3995 910 4049 tamen
929 4005 1039 4046 verum
1061 3994 1120 4057 est,
1140 3981 1250 4044 hocin

296 4094 394 4146 tantan
416 4081 620 4165 perfeetionis
644 4086 932 4150 consuetudinibus
961 4083 1107 4158 inveniri,
1130 4093 1167 4145 ut
1193 4102 1250 4144 nec

297 4201 408 4247 sames
421 4195 625 4267 apponantur
640 4182 831 4268 hospitibus,
844 4207 901 4248 nec
916 4196 1047 4270 propter
1061 4203 1114 4244 eoa
1128 4178 1251 4263 aliquid

296 4294 434 4362 ematur,
448 4306 549 4371 quum
572 4298 604 4349 et
619 4284 689 4369 ipsa
704 4285 829 4369 jejunia
851 4297 984 4371 propter
998 4284 1155 4366 hospitem
1179 4301 1251 4364 per-

297 4385 395 4451 fectio
422 4385 534 4466 solvat,
556 4387 643 4450 etin
667 4385 778 4451 multis
801 4386 842 4451 de
867 4386 972 4470 rigore
993 4404 1054 4448 suo
1076 4380 1251 4466 plurimum

752 4505 772 4550 U
789 4494 809 4550 2
