3550 5467
287 758 359 803 car.
376 739 464 818 xxc]
652 754 908 801 aonvcaarrcus.
1178 737 1242 799 353

288 907 420 993 tempsit
446 905 559 983 elatus,
583 928 639 970 nec
664 905 830 970 attendens
856 905 938 991 quia·
959 903 1082 967 vincere
1107 902 1238 989 quidem

289 1010 410 1073 bouum
425 1020 485 1084 est,
500 1008 721 1092 supervincere
741 1006 834 1070 nimis
849 1006 1051 1071 invidiosum.
1091 1003 1238 1069 Confide-

286 1110 342 1175 bat
368 1110 453 1173 enim
480 1107 610 1193 magicis
639 1106 774 1184 artibus,
799 1121 832 1173 et
860 1109 1034 1173 arbitratus
1063 1105 1237 1170 secundum

287 1209 526 1296 Pythagoream
562 1208 755 1293 opinionem,
790 1207 913 1271 animas
947 1207 1071 1271 diversa
1105 1227 1239 1291 corpora

284 1331 466 1395 peragrare,
481 1330 514 1370 se
534 1305 683 1370 credebat
709 1306 871 1392 possidere
894 1305 1028 1369 animam
1055 1305 1238 1384 Alexandri,

282 1422 341 1476 aut
366 1408 453 1495 quod
477 1407 584 1494 potius
607 1407 638 1471 in
663 1407 763 1471 altero
785 1430 917 1493 corpore
938 1420 1019 1471 esset
1038 1406 1121 1470 alius
1140 1407 1235 1471 Alex·

282 1511 393 1575 ander.
431 1509 660 1584 Querebantur
679 1531 756 1591 ergo
778 1508 914 1573 Romani
938 1508 978 1571 de
1001 1507 1155 1593 principe,
1178 1509 1235 1594 qui

281 1609 402 1676 bellum
418 1610 508 1674 finire
529 1609 667 1685 nolebat,
684 1609 872 1673 resistebant
892 1623 997 1673 tamen
1017 1608 1235 1673 insistentibus

282 1711 400 1791 Persis,
422 1711 467 1775 ita
494 1724 530 1774 ut
560 1711 744 1795 frequenter
771 1733 854 1774 nunc
882 1710 926 1786 hi,
947 1731 1032 1773 nunc
1056 1708 1101 1773 illi
1132 1721 1234 1773 verte-

280 1826 394 1877 rentur
416 1814 448 1875 in
471 1811 592 1898 fugam.
637 1814 736 1876 Porro
758 1811 909 1875 Julianus
934 1811 967 1874 in
983 1832 1066 1895 equo
1081 1808 1232 1900 residens,

278 1913 454 1978 exercitum
475 1913 687 1993 confortabat,
709 1913 836 1977 inermis
854 1912 983 1999 quidem
1001 1934 1056 1997 spe
1071 1911 1232 1976 felicitatis
1346 1917 1351 1926 '

279 2037 348 2078 suae
367 2037 573 2100 proesumens,
594 2027 704 2079 contra
722 2038 818 2101 quem
836 2015 981 2100 jaculum
1003 2027 1133 2099 repente
1147 2012 1232 2077 dela·

278 2130 362 2192 tum,
377 2115 557 2180 discurrens
575 2138 633 2202 per
655 2116 821 2181 brachium
842 2118 923 2203 ejus,
944 2117 976 2180 in
1000 2120 1084 2182 latus
1105 2115 1230 2180 immer-

277 2239 347 2282 sum
372 2231 429 2282 est.
474 2221 528 2282 Ex
552 2218 611 2282 hoc
634 2218 764 2283 vulnere
789 2222 926 2304 suscepit
954 2219 1123 2283 terminum
1147 2222 1229 2284 ritae.

277 2318 343 2395 Qui
365 2341 439 2381 vero
454 2320 670 2404 justissimum
692 2320 801 2387 intulit
824 2325 951 2401 vulnus,
967 2320 1121 2386 hactenus
1142 2321 1231 2406 igno-

275 2432 377 2483 ratur.
422 2420 484 2484 Sed
510 2419 563 2484 alii
588 2421 746 2507 quendam
773 2423 981 2488 invisibilium
1003 2423 1063 2486 hoc
1085 2423 1230 2488 intulisse

274 2519 396 2599 ferunt,
406 2519 459 2585 alii
472 2542 570 2586 unum
582 2535 745 2608 pastorum
760 2524 1004 2602 Ismaelitarum,
1016 2523 1069 2586 alii
1086 2523 1231 2602 militem,

273 2621 359 2688 same
370 2634 403 2686 et
413 2623 526 2687 itinere
537 2623 719 2704 fatigatum.
752 2624 813 2686 Sed
826 2625 892 2686 sive
903 2623 1009 2698 homo,
1019 2623 1084 2686 sive
1096 2623 1229 2707 angelus

273 2722 385 2805 suerit,
414 2738 503 2810 patet
534 2722 612 2807 quia
645 2722 762 2786 divinis
792 2722 991 2806 jussionibus
1026 2723 1228 2788 ministravit.

271 2823 373 2889 Aiunt
384 2825 467 2889 enim
476 2823 553 2908 quia
562 2845 664 2907 quum
676 2823 788 2889 suisset
799 2824 996 2900 vulneratus,
1010 2846 1083 2888 mox
1096 2846 1226 2888 manum

269 2925 443 3012 complevit
459 2923 612 3008 sanguino
635 2947 702 3001 suo,
718 2938 750 2989 et
771 2926 804 2989 in
825 2947 927 2990 aerem
950 2925 1082 3012 projecit
1100 2925 1224 2990 dicens:

269 3026 397 3097 Vicisti,
414 3022 559 3102 Galilaee,
575 3023 688 3099 vicisti,
704 3038 735 3089 et
756 3026 788 3089 in
805 3026 850 3089 eo'
864 3025 934 3111 ipso
949 3026 1112 3090 confessus
1128 3030 1225 3092 ricto-

267 3123 346 3190 riam
363 3137 423 3202 est,
433 3124 493 3187 etsi
505 3123 719 3208 blasphemus.
751 3128 935 3192 Defunctus
946 3141 993 3192 est
1008 3140 1115 3191 autem
1128 3129 1223 3194 tertio

267 3249 352 3290 anno
367 3225 491 3311 imperii
507 3225 567 3305 sui,
578 3227 654 3291 vitae
668 3227 827 3293 tricesimo
841 3229 955 3315 primo,
968 3229 1099 3294 nimium
1117 3245 1220 3296 tamen

268 3326 386 3392 vixisse
402 3332 489 3391 visus
504 3340 551 3392 est
566 3330 668 3410 bonis,
683 3332 739 3418 qui
760 3354 823 3396 non
839 3332 935 3397 modo
955 3335 986 3397 iu
1002 3333 1150 3407 ecclesiis,
1166 3333 1220 3396 sed

267 3429 363 3493 etiam
398 3428 432 3491 in
467 3428 600 3493 theatris
635 3431 853 3515 praedicabant
889 3432 1051 3498 victoriam
1084 3434 1220 3500 Galilaei.

267 3530 386 3593 Omnes
411 3527 493 3592 enim
524 3528 720 3596 clamabant:
756 3533 899 3598 Maxime
928 3534 1027 3612 fatue,
1060 3535 1114 3600 ubi
1144 3549 1219 3602 suut

267 3628 416 3696 vaticinia
431 3635 508 3695 tua?
532 3630 617 3697 Vicit
633 3634 724 3697 Deus
738 3647 769 3698 et
783 3635 931 3700 Christus
946 3638 1024 3723 ejus.
1053 3638 1219 3703 Defuncto

266 3732 374 3816 impio,
397 3731 525 3796 iuventa
547 3746 622 3798 sunt
645 3737 679 3799 in
702 3736 828 3823 templis
849 3737 1040 3803 simulachra
1059 3741 1219 3827 stupenda

265 3833 428 3920 principis,
450 3848 481 3898 et
505 3835 584 3898 mira
606 3836 741 3923 insignia
762 3840 927 3925 sapientiae
948 3842 1162 3922 conclamatae,
1184 3858 1215 3908 et

263 3934 481 4001 famosissimas
501 3939 639 4022 pietatis.
678 3945 761 4005 Nam
782 3941 814 4005 in
832 3945 939 4008 Carris
959 3957 1070 4028 aperto
1085 3944 1215 4028 templo,

264 4037 351 4122 quod
374 4038 538 4125 usquead
561 4041 699 4106 reditum
722 4065 815 4107 suurn
838 4044 981 4108 clausum
1006 4066 1073 4110 esse
1094 4067 1212 4130 praecc·

262 4152 364 4224 perat,
388 4141 514 4205 inventa
537 4151 585 4208 est
609 4143 721 4208 mulier
743 4166 761 4206 a
781 4145 904 4228 capillis
925 4168 1076 4232 appensa,
1099 4165 1212 4209 manus

261 4252 405 4305 extensas
416 4242 546 4318 babens,
556 4257 668 4328 aperto
680 4257 781 4322 utero,
793 4243 824 4307 in
839 4246 930 4330 cujus
940 4247 1047 4330 jecore
1061 4257 1208 4310 eventum

260 4340 334 4405 belli
351 4343 468 4407 Persici
484 4343 587 4408 iuerat
611 4343 802 4431 speculatus.
844 4346 881 4408 ln
900 4346 1067 4410 Antiochia
1081 4366 1212 4432 quoque

303 4461 375 4505 vor..
393 4461 435 4507 ιν.
712 4465 767 4508 aa
