3550 5467
412 722 545 808 cius]
748 693 1001 786 ronaciurtcns.
1310 728 1370 786 119

410 893 661 969 faciunt,minus
671 904 773 956 tamen
781 891 962 955 conducunt
970 889 1053 952 sanis
1062 902 1093 953 et
1103 889 1263 954 sanativis.
1282 894 1365 955 Nam

411 991 475 1055 brec
494 995 568 1077 ipsa
592 1014 656 1055 non
678 990 757 1054 adeo
776 1003 922 1054 naturam
941 989 1158 1054 corroborant:
1184 988 1368 1055 delicatiora

410 1093 568 1179 siquidem
582 1095 690 1157 minus
701 1092 856 1168 nutriunt,
867 1091 967 1176 magis
978 1090 1205 1165 communin,et
1216 1091 1368 1172 alimenti,

409 1208 442 1258 ut
457 1195 504 1258 ita
520 1193 671 1274 dixerim,
688 1192 874 1276 pinguioris.
922 1192 972 1254 Sic
995 1199 1027 1253 et
1042 1191 1072 1253 in
1090 1190 1176 1254 libris
1200 1206 1274 1255 sunt
1291 1214 1362 1278 quae

409 1295 559 1359 omnibus
579 1307 725 1380 prosunt,
740 1294 816 1356 dum
839 1305 944 1357 tamen
962 1297 1109 1377 legantur
1128 1293 1282 1357 modestia
1301 1295 1364 1358 dis-

409 1411 574 1482 pensante,
598 1409 635 1460 ut
657 1417 731 1480 quoe
756 1394 833 1457 nihil
858 1393 1019 1458 continent
1043 1395 1100 1457 nisi
1126 1394 1365 1462 aedificationem

409 1497 483 1560 fidei
499 1512 532 1562 et
550 1517 686 1560 morum.
717 1498 800 1560 Sunt
814 1519 886 1580 qnae
899 1495 1100 1559 solidioribus
1115 1497 1227 1560 animia
1239 1495 1364 1577 faciant,

410 1596 559 1662 habenda
573 1596 705 1683 quidem
727 1595 838 1682 procul
858 1617 877 1658 a
898 1597 1033 1659 lectione
1053 1597 1262 1681 simplicium,
1291 1616 1365 1666 sunt

409 1722 484 1784 quas
507 1713 623 1763 natura
647 1699 737 1762 bonae
755 1698 869 1761 mentis
887 1697 1015 1760 omnino
1037 1698 1159 1783 ejiciat:
1195 1715 1268 1764 sunt
1291 1724 1365 1787 quae

409 1800 535 1885 digerat
559 1800 592 1862 in
616 1822 708 1863 usum
732 1820 866 1877 morum,
882 1812 938 1863 ant
954 1800 1163 1884 eloquentiae:
1195 1816 1269 1867 sunt
1292 1828 1364 1890 quae

411 1900 561 1964 indurent
584 1902 732 1974 animam,
748 1912 781 1962 et
803 1897 913 1961 iulide
935 1911 968 1962 et
984 1899 1074 1962 bonis
1095 1902 1245 1985 operibus
1266 1903 1363 1968 solam

412 2002 529 2066 iaciant
544 2000 747 2065 cruditatem.
792 2002 854 2065 Via
870 2014 976 2064 autem
997 2003 1177 2066 invenietur
1197 2005 1363 2091 scriptum,

411 2103 441 2167 in
464 2126 532 2190 quo
547 2103 574 2166 si
596 2103 710 2166 nonin
733 2125 824 2166 sensu
849 2102 898 2166 vel
920 2104 952 2166 in
968 2105 1086 2181 verbis,
1103 2128 1164 2169 non
1187 2108 1363 2194 reperiatur

411 2205 546 2291 aliquid,
562 2205 651 2291 quod
674 2204 814 2291 prudens
833 2205 931 2269 lector
950 2207 1076 2271 emittit.
1115 2210 1275 2274 caeterum
1292 2211 1364 2277 libri

410 2307 558 2371 catholici
581 2310 685 2371 tutius
705 2306 855 2390 leguntur
870 2322 902 2372 et
923 2310 1066 2384 cautins;
1095 2325 1125 2376 et
1140 2312 1275 2396 gentiles
1289 2313 1364 2377 sim·

410 2407 595 2495 plicioribus
615 2408 823 2494 periculosius
837 2423 965 2493 patent:
993 2410 1094 2476 sedin
1112 2415 1259 2499 utrisque
1273 2438 1361 2479 exer-

411 2509 473 2572 ceri
490 2507 688 2573 lidelioribus
701 2510 835 2592 ingeniis
851 2512 1051 2575 utilissimum
1064 2526 1121 2577 est.
1153 2518 1234 2577 Nam
1251 2517 1363 2600 exqui-

410 2611 470 2673 sita
500 2608 594 2672 lectio
623 2608 831 2694 singulorum,
856 2611 1094 2687 doctissimum3
1128 2626 1222 2676 canta
1251 2615 1363 2678 electio

411 2709 588 2787 meliorum,
611 2709 768 2794 optimum
790 2712 877 2777 facit.
926 2717 972 2778 Ut
994 2714 1075 2776 eninr
1099 2714 1130 2776 in
1153 2713 1233 2777 libro
1254 2717 1364 2779 Satur-

410 2808 578 2887 naliorum,
593 2823 625 2872 et
640 2811 672 2871 in
689 2811 830 2894 epistolis
846 2815 973 2876 Senecae
988 2813 1028 2875 ad
1046 2813 1218 2877 Lucillium
1236 2813 1363 2898 legitur,

410 2932 483 2995 apes
499 2909 737 2996 quodammodo
751 2911 904 2977 debemus
921 2914 1049 2993 imitari,
1061 2934 1137 2999 quae
1152 2927 1319 2999 vagantur,
1331 2930 1362 2981 et

410 3009 501 3075 flores
522 3026 670 3098 carpunt,
692 3012 808 3077 deinde
831 3014 985 3099 quicquid
1008 3014 1163 3092 adtulerc,
1178 3016 1363 3102 disponunt,

409 3124 440 3175 et
463 3134 522 3198 per
547 3112 637 3177 favos
662 3113 824 3190 dividunt,
846 3130 879 3178 et
906 3137 1035 3179 succum
1060 3118 1181 3179 varium
1206 3119 1237 3180 in
1262 3140 1359 3182 unum

410 3234 564 3297 saporem,
579 3213 721 3275 mixtura
741 3212 877 3299 quadam
895 3227 925 3275 et
947 3215 1140 3299 proprietate
1155 3215 1286 3298 spiritus
1300 3216 1361 3294 sui,

410 3324 545 3376 mutant.
581 3312 650 3374 Nos
665 3333 795 3396 quoque
809 3311 964 3397 quicquid
980 3311 1105 3376 diversa
1128 3313 1259 3378 lectione
1273 3338 1360 3402 qute-

409 3414 549 3489 sirimus,
572 3426 794 3476 convertamus
815 3413 848 3475 in
872 3434 965 3476 usum
989 3415 1129 3494 virtutis,
1144 3429 1179 3480 ut
1200 3419 1307 3482 omnia
1328 3418 1360 3484 in

408 3514 550 3579 ordinem
570 3513 794 3600 gerendorum,
810 3516 941 3579 rationis
956 3516 1080 3601 judicio
1099 3516 1273 3601 digerente,
1289 3545 1361 3586 coa·

408 3614 535 3680 leacant.
583 3618 666 3679 Nam
691 3628 723 3679 et
748 3615 779 3677 in
804 3616 909 3678 animo
932 3618 1043 3682 melius
1064 3616 1215 3683 distincta
1236 3643 1361 3689 servan·

409 3728 471 3792 tur,
482 3728 515 3781 et
531 3718 601 3803 ipsa
615 3716 789 3791 distinctio,
803 3738 864 3779 non
880 3719 947 3780 sine
961 3718 1098 3803 quolam
1115 3719 1281 3800 fermento,
1293 3749 1359 3812 quo

407 3819 555 3883 conditur
571 3818 772 3892 universitas,
784 3818 816 3880 in
834 3819 929 3883 unius
940 3821 1060 3904 saporis
1076 3842 1169 3885 usum
1184 3829 1271 3890 varia
1283 3828 1359 3893 liba-

408 3933 512 3984 menta
527 3919 708 3994 confundit,
726 3933 761 3982 ut
778 3920 899 3983 etiamsi
916 3924 1100 4007 apparuerit
1118 3923 1201 3988 unde
1216 3943 1358 3995 sumtum

406 4020 453 4099 sit,
468 4020 558 4084 alind
582 4035 685 4084 tamen
712 4043 789 4099 esse,
809 4045 906 4105 qnam
929 4023 1013 4086 unde
1034 4037 1174 4088 sumtum
1199 4045 1358 4104 noscetur,

407 4132 572 4207 appareat,
589 4117 674 4204 quod
691 4120 723 4181 in
739 4142 870 4204 corpore
885 4134 994 4185 nostro
1008 4123 1111 4186 facere
1128 4123 1280 4199 videmus,
1294 4129 1360 4192 sine

406 4221 488 4284 omni
498 4242 600 4305 opera
611 4232 729 4296 nostra,
741 4232 896 4285 naturam.
919 4221 1078 4285 Alimenta
1089 4246 1163 4306 quae
1174 4225 1359 4308 accipimus,

405 4322 560 4407 quamdiu
577 4324 610 4384 in
627 4342 684 4384 sua
704 4320 859 4405 qualitate
875 4338 1087 4406 perseverant,
1104 4339 1135 4387 ct
1158 4323 1258 4388 solida
1272 4327 1360 4390 inna-
