3550 5467
405 755 479 802 can
498 740 569 815 ιι]
761 751 1020 798 nonrcusmcns.
1305 740 1365 800 lla

409 908 467 985 illi,
483 907 543 994 qui
560 906 660 971 tantis
674 903 826 969 laudibus
845 902 1034 982 efferuntur,
1052 918 1187 990 quantas
1199 905 1364 970 obducunt

407 1010 576 1076 tenebras!
606 1009 693 1085 Quos
717 1004 874 1070 invehunt
900 1003 1025 1069 metus!
1054 1007 1144 1083 Quas
1167 1005 1365 1072 inflammant

408 1111 604 1197 cupiditates
616 1113 623 1173 !
650 1109 694 1172 Hi
708 1119 829 1192 stupra,
840 1106 1060 1194 adulteriaque
1072 1108 1250 1184 conciliant,
1262 1112 1366 1174 varias

409 1213 473 1279 doli
503 1224 655 1300 reparant
678 1223 774 1287 artes,
796 1206 890 1289 furta,
912 1210 1048 1296 rapinas,
1071 1210 1218 1275 incendia
1240 1211 1366 1292 docent,

408 1339 481 1403 quae
493 1329 583 1390 sunt,
591 1329 648 1377 aut
657 1312 800 1391 fuerunt,
808 1314 872 1375 imo
882 1332 956 1396 quoe
966 1311 1044 1397 fingi
1054 1326 1198 1395 possunt,
1210 1313 1364 1377 malorum

411 1417 752 1503 exemplaproponunt
765 1411 866 1477 oculis
876 1412 1093 1478 multitudinis
1104 1413 1269 1500 imperitae.
1286 1417 1367 1492 Quae

411 1516 558 1582 incendia
572 1515 643 1579 coeli
659 1512 813 1589 succensi,
828 1524 886 1576 aut
901 1512 996 1577 maris
1011 1513 1187 1589 inundatio,
1204 1528 1259 1580 aut
1276 1529 1368 1580 terrae

411 1619 530 1694 hiatus,
555 1632 661 1682 tantas
682 1615 758 1680 fecit
781 1614 976 1701 populorum
1000 1630 1135 1699 strages,
1159 1633 1294 1702 quantas
1315 1617 1367 1680 isti

411 1719 536 1785 faciunt
550 1720 706 1783 morum?
730 1715 881 1780 Comicus
904 1715 959 1798 qui
974 1737 1041 1801 prae
1061 1721 1183 1781 caeterls
1205 1718 1321 1803 placet,
1336 1720 1368 1782 in

414 1818 576 1884 Eunucho
598 1818 695 1883 refert
719 1815 930 1880 adolescentis
948 1813 1112 1880 libidinem
1133 1815 1369 1895 inflammatam,

414 1944 515 2008 quum
533 1919 676 1984 tabulam
689 1919 807 2004 pictam
824 1917 947 1981 videret
962 1904 1185 1998 continentem,
1196 1943 1262 2004 quo
1276 1937 1370 2004 pacto

415 2026 517 2100 Deus,
531 2022 589 2108 qui
601 2018 674 2086 coeli
690 2018 809 2106 templa
820 2017 925 2083 sonitu
936 2018 1091 2096 concutit,
1106 2043 1164 2106 per
1175 2020 1368 2107 impluvium
1436 2092 1439 2098 ¹

414 2147 493 2189 auro
509 2124 615 2198 misso,
631 2121 783 2186 inclusam
796 2130 897 2196 turre,
912 2133 944 2184 et
960 2133 1081 2207 septam
1093 2122 1291 2205 custodibus,
1303 2145 1370 2186 cor-

415 2226 540 2312 ruperit
562 2228 705 2290 Danaen.
752 2223 876 2288 Similes
898 2223 931 2287 in
955 2222 1086 2308 singulis
1108 2225 1249 2311 picturas
1272 2226 1371 2306 videt,

415 2329 565 2403 miratur,
593 2339 625 2389 et
655 2322 765 2390 laudat
795 2322 981 2388 multitudo.
1025 2325 1108 2389 Nam
1139 2349 1213 2412 quae
1241 2325 1370 2391 virtutis

417 2423 621 2494 incitamenta
635 2439 722 2504 sunt,
738 2448 830 2491 rarus
845 2440 1005 2512 spectator
1020 2427 1175 2496 adtendit.

486 2537 558 2600 Quae
569 2553 611 2589 rea
623 2536 650 2588 in
663 2552 692 2587 se
703 2551 789 2604 neque
802 2533 946 2599 consilium,
958 2552 1044 2603 neque
1056 2537 1161 2589 modurn

484 2623 577 2689 Habet
586 2620 677 2683 ullum,
689 2638 747 2674 eam
759 2619 867 2672 consilio
877 2638 970 2688 regere
979 2638 1031 2673 non
1043 2627 1124 2692 potes.

488 2708 521 2760 ln
532 2725 620 2761 amore
632 2706 789 2760 haecomnia
799 2705 887 2759 insunt
899 2706 979 2759 vitia:
999 2706 1109 2776 injuria,

489 2794 664 2865 Suspiciones,
673 2792 826 2856 inimicitie,
839 2791 962 2854 induciae,

490 2878 604 2943 Bellum,
615 2895 669 2950 pax
680 2894 788 2930 rursum
825 2876 930 2929 lacerta
941 2876 996 2930 haee
1008 2878 1031 2929 ei
1042 2885 1071 2930 tu
1083 2877 1198 2948 postules

490 2948 605 3019 Rhtione
616 2972 684 3017 certa
695 2963 790 3027 facere,
802 2961 883 3015 nihilo
895 2962 954 3034 plue
965 2980 1039 3030 agae,

489 3051 575 3115 Quam
585 3051 608 3103 ai
619 3049 667 3103 dea
678 3067 792 3123 operatu,
803 3056 833 3103 ut
841 3066 900 3102 cum
910 3049 1010 3101 rationo
1021 3050 1144 3102 insanias.

490 3136 527 3188 Et
538 3135 606 3206 qnod
616 3153 684 3188 nnnc
695 3140 753 3187 tute
765 3140 850 3188 tecum
862 3136 944 3186 iratus
955 3134 1064 3205 cogitas,

491 3220 681 3289 Egoneillam?
700 3220 768 3282 Quae
779 3219 869 3272 illum?
890 3220 955 3283 Ques
967 3220 1030 3272 mel
1050 3237 1107 3287 quse
1119 3222 1187 3272 non?
1208 3222 1270 3275 Sine
1281 3224 1355 3276 modo

494 3306 563 3358 Mori
575 3324 617 3359 me
627 3304 726 3369 malim,
739 3306 835 3357 sentiet
845 3305 889 3374 qui
900 3306 939 3357 vir
950 3305 1023 3357 siem.

493 3391 561 3445 Haec
572 3391 651 3445 rerba
662 3408 715 3443 una
726 3390 854 3444 mehercle
865 3389 933 3443 t'alsa
943 3391 1112 3460 lachrymula,

491 3477 580 3540 Quam
590 3475 678 3530 oculos
688 3477 795 3529 terendo
806 3477 900 3529 misere
910 3478 956 3530 rix
967 3479 992 3530 ri
1004 3480 1169 3549 expresserit,

492 3562 669 3630 Restinguet:
688 3569 715 3615 et
724 3568 752 3616 te
760 3562 830 3615 ultro
841 3563 984 3627 accusabis,
996 3580 1024 3616 et
1034 3564 1109 3618 dabie
1122 3567 1147 3618 ai

492 3648 570 3701 Ultro
581 3647 742 3720 supplicium.

424 3743 476 3807 Ad
486 3743 711 3831 depellendum
724 3745 924 3808 meretricum
934 3743 1143 3812 contumelias
1153 3748 1233 3812 ratio
1244 3749 1374 3815 evidens

421 3858 478 3920 est,
491 3866 588 3930 quam
599 3843 854 3910 servusiuducit:
872 3845 928 3911 sed
942 3847 1097 3933 quicquid
1113 3850 1145 3911 in
1157 3849 1239 3914 hanc
1251 3867 1372 3937 partem

421 3951 611 4033 loquuntur,
642 3945 688 4010 ita
716 3945 884 4032 accipitur,
915 3970 953 4011 ac
981 3949 1008 4014 si
1031 3950 1174 4015 insanum
1201 3966 1372 4018 amatorem

420 4061 545 4115 revocet
568 4070 690 4112 servus.
736 4049 802 4112 Eos
823 4059 929 4114 tamen
953 4049 1027 4116 alibi
1051 4052 1251 4117 commendat
1278 4055 1374 4137 pluri·

422 4173 506 4216 mum
523 4149 608 4213 idem
623 4148 746 4226 Cicero,
761 4149 890 4213 dicens:
915 4153 1031 4216 Poetas
1045 4167 1076 4217 et
1090 4154 1192 4217 varios
1206 4155 1374 4238 scriptores

421 4253 551 4329 artium,
567 4261 625 4315 aut
647 4273 751 4336 regem
775 4264 951 4336 gestarum,
973 4254 1058 4319 solus
1074 4254 1126 4317 ille
1141 4252 1375 4317 contemtibiles

421 4354 509 4431 lacit,
540 4354 599 4438 qui
630 4372 691 4415 non
715 4365 841 4416 veretur
862 4355 1031 4418 contemni.
1079 4353 1160 4417 Nam
1192 4367 1224 4416 et
1247 4354 1376 4420 virtutis

464 4474 539 4519 VOL.
556 4473 601 4516 IV.
899 4473 912 4517 1
