3550 5467
406 737 476 782 ose.
492 721 537 799 u]
759 740 1016 786 noircnsruus,

405 1049 483 1134 Cap.
502 1056 532 1112 5.
563 1053 641 1116 Duo
667 1073 732 1114 esee
755 1054 927 1134 precipuo
958 1073 1029 1136 qum
1060 1054 1197 1116 militem
1211 1052 1362 1136 socium,

567 1153 727 1216 delectum
742 1155 865 1216 scilicet
879 1161 910 1215 et
927 1154 1194 1217 instrumentum.

425 1287 502 1348 'Ne
532 1305 583 1348 me
613 1297 719 1348 tamen
750 1296 844 1368 putes
874 1285 1032 1349 inimicari
1063 1286 1196 1364 militias,
1223 1298 1256 1351 et
1283 1287 1362 1353 vitis

406 1408 610 1470 personarum
642 1388 676 1449 in
703 1388 811 1450 officia
836 1396 1030 1471 retorquere,
1056 1409 1116 1470 ego
1146 1390 1361 1473 patrocinium

407 1486 476 1571 ejus
492 1487 606 1569 quovis
620 1488 775 1551 renitente
788 1488 939 1572 suscipio,
952 1499 984 1551 et
998 1509 1070 1551 eam
1082 1500 1210 1552 auctore
1222 1488 1363 1566 domino,

407 1588 680 1650 sufficientissime
711 1588 884 1651 excusabo.
941 1587 1101 1649 Professio
1130 1609 1270 1672 namque
1299 1600 1364 1651 tam

407 1687 581 1750 laudabilis
600 1698 659 1763 est,
674 1708 769 1769 quam
789 1685 983 1761 necessaris,
997 1698 1030 1747 et
1049 1705 1144 1768 quam
1167 1706 1264 1747 nemo
1282 1686 1365 1749 ritu·

409 1808 522 1870 perere
536 1797 644 1870 potest
658 1788 747 1849 salva
762 1786 941 1849 reverentia
953 1785 1027 1862 Dei,
1040 1806 1059 1849 a
1071 1805 1138 1868 quo
1150 1793 1199 1848 est
1213 1786 1367 1848 instituta.

409 1888 536 1950 Veteris
560 1887 763 1949 instrumenti
792 1886 920 1948 revolve
946 1884 1071 1961 seriem,
1095 1893 1128 1947 et
1153 1884 1298 1948 invenies
1322 1884 1367 1947 ite

410 2008 482 2050 esse
498 2000 533 2052 ut
548 1987 632 2051 dico.
678 1987 772 2050 Nihil
787 1986 872 2049 euim
888 1985 929 2049 ad
951 2006 1018 2047 rem
1035 1985 1159 2062 attinet,
1175 1985 1202 2047 si
1218 1985 1270 2047 isti
1285 2006 1366 2068 pras·

410 2089 598 2165 veneantur,
618 2087 767 2172 quoniam
791 2088 839 2150 eis
860 2088 914 2149 lex
937 2085 1060 2148 militias
1084 2086 1192 2170 posita
1216 2106 1282 2148 uon
1306 2099 1366 2162 est,

410 2211 469 2254 nec
500 2189 617 2273 aliquis
648 2209 768 2263 eorum,
792 2199 829 2251 ut
858 2198 945 2250 recte
975 2182 1155 2270 loquamur,
1185 2185 1277 2248 miles
1306 2196 1365 2248 est.

411 2292 498 2371 Lege
529 2290 630 2354 libros
663 2299 729 2352 tem
767 2288 1004 2352 ecclesiasticos
1041 2308 1138 2371 quam
1176 2285 1368 2364 mundanos,

417 2393 533 2476 quibus
555 2392 660 2474 egitur
682 2390 722 2453 de
744 2411 778 2452 re
801 2389 949 2466 militari;
972 2399 1004 2451 et
1029 2388 1198 2451 manifeste
1222 2387 1368 2450 invenies

415 2491 479 2554 duo
494 2512 574 2567 esse,
590 2513 663 2574 quae
680 2491 811 2552 militem
834 2487 967 2566 faciunt,
982 2489 1173 2553 electionem
1194 2488 1320 2552 scilicet
1335 2495 1369 2550 et

412 2601 656 2656 sacramentum.
701 2591 786 2653 Haec
811 2590 896 2653 enim
919 2588 984 2653 duo
1008 2590 1191 2653 communia
1210 2599 1284 2653 sunt
1305 2589 1369 2665 his,

413 2694 468 2779 qui
499 2693 698 2777 spiritualem
729 2702 763 2755 et
791 2692 991 2774 corporalem
1025 2691 1172 2754 militiam
1206 2697 1368 2754 exercent.

414 2795 488 2858 Hos
503 2793 587 2854 enim
603 2790 644 2853 ad
668 2791 877 2854 ministerium
895 2792 1014 2867 altaris,
1028 2802 1062 2853 et
1081 2791 1204 2853 cultum
1225 2789 1370 2852 ecclesie

414 2904 508 2957 vocat
534 2892 647 2971 lingua
676 2891 851 2975 pontificis,
879 2892 955 2954 illos
988 2890 1030 2954 ad
1060 2889 1281 2953 defensionem
1310 2887 1370 2951 rei·

413 2995 554 3077 publicae
577 2994 667 3073 eligit
687 2994 799 3073 lingua
821 2992 924 3055 ducis.
970 2993 1022 3054 De
1045 2991 1163 3075 quibus
1189 2990 1313 3065 officiis,
1337 2999 1370 3053 et

412 3094 506 3167 locis,
522 3094 633 3174 quales
655 3101 688 3154 et
710 3092 846 3172 qualiter
870 3090 913 3153 ad
938 3093 1124 3154 alterutrum
1150 3092 1293 3154 officium
1314 3091 1371 3153 eli·

417 3193 515 3276 gendi
547 3193 621 3268 sint,
647 3190 804 3274 majorum
834 3190 956 3273 scripta
984 3189 1157 3253 declarant·
1201 3190 1265 3253 Sed
1297 3189 1374 3273 quis

416 3314 504 3357 nunc
519 3292 684 3356 saecularis
699 3291 813 3354 militia
828 3301 970 3354 versatur
985 3292 1017 3353 in
1034 3290 1195 3367 manibus,
1205 3291 1254 3353 vel
1270 3291 1372 3372 Vege-

416 3394 480 3457 tius
499 3394 646 3457 Renatus
667 3412 765 3476 super
784 3390 942 3455 electione
965 3391 1102 3455 militum
1117 3389 1273 3454 audiatur.
1318 3390 1372 3456 Ait

417 3516 510 3578 ergo:
550 3494 590 3557 In
616 3492 680 3557 hoc
710 3493 809 3556 totius
837 3492 1023 3576 reipublicae
1053 3493 1140 3555 salus
1168 3491 1307 3568 vertitur,
1336 3502 1372 3557 ut

416 3608 549 3678 tyrones
575 3616 642 3657 non
668 3604 791 3658 tantum
822 3595 1021 3678 corporibus,
1046 3592 1104 3656 sed
1133 3593 1227 3656 etiam
1256 3593 1371 3658 animis

418 3696 671 3781 prestantissimi
698 3693 903 3777 delegantur:
938 3694 1021 3758 vires
1050 3695 1141 3776 regni
1170 3705 1204 3757 et
1231 3693 1372 3759 Romani

419 3799 557 3862 nominis
580 3796 832 3874 fundamentum,
854 3797 888 3859 in
912 3797 1016 3881 prima
1039 3795 1182 3859 delectus
1208 3797 1369 3860 examina·

419 3899 507 3963 tione
537 3898 726 3962 consistunt.
772 3899 843 3961 Nec
870 3898 942 3963 lere
967 3899 1029 3962 hoc
1060 3906 1191 3981 putetur
1220 3897 1373 3977 officinm,

421 4012 477 4064 aut
498 4001 618 4084 passim
643 4000 892 4083 quibuscunque
917 3999 1149 4074 mandandum,
1174 3996 1261 4082 quod
1287 3998 1373 4081 apud

421 4112 543 4165 veteres
568 4101 650 4163 inter
675 4112 739 4163 tam
766 4101 852 4164 varie
881 4122 999 4181 genera
1030 4100 1179 4162 virtutum
1209 4099 1374 4182 praecipue

422 4212 549 4266 constat
563 4222 632 4265 esse
648 4201 823 4265 laudatum.
867 4203 888 4266 J
891 4210 1029 4266 urentur
1049 4201 1146 4275 enim,
1161 4198 1214 4260 cui
1230 4196 1374 4260 defensio

421 4301 656 4384 provinciarum
670 4302 826 4378 imminet,
840 4310 873 4365 et
887 4303 1030 4366 moribus
1044 4299 1206 4362 excellere
1222 4294 1328 4369 debet,
1344 4304 1376 4357 et
