3550 5467
437 752 501 812 202
693 765 830 810 ioannis
845 763 1126 810 mnamuumusts
1220 745 1384 826 [stasim

434 918 554 1003 pendet
564 940 606 982 ex
621 920 730 998 altera,
740 919 820 985 adeo
832 917 975 1001 quidem,
985 917 1174 983 utinricem
1185 919 1257 984 sine
1271 941 1306 985 se
1319 943 1383 986 essa

432 1040 497 1082 nou
513 1020 648 1103 possint.
686 1020 771 1084 Nam
785 1027 817 1083 et
832 1018 1015 1081 Gnathonis
1033 1039 1135 1102 opera
1149 1020 1275 1084 inutilis
1288 1023 1382 1100 astri

431 1139 495 1181 non
511 1120 553 1182 sit
567 1120 659 1184 miles
679 1120 847 1202 gloriosus,
860 1129 893 1181 st
912 1117 992 1182 sorte
1006 1118 1188 1183 Thrasonis
1210 1122 1382 1203 arrogantis

429 1222 647 1304 conquiescet,
661 1221 688 1285 si
702 1243 769 1286 non
784 1241 856 1284 eam
869 1219 999 1283 fallacia
1012 1219 1200 1285 Gnathonis
1212 1222 1380 1306 exceperit.

429 1322 555 1387 Comici
573 1325 652 1388 sorte
672 1321 852 1388 contemnis
867 1321 1076 1395 Eunuchum,
1092 1320 1152 1385 sed
1172 1323 1209 1387 in
1225 1324 1380 1389 Eunucho

429 1425 495 1488 tere
511 1426 650 1489 omnium
667 1426 765 1490 ritam
780 1423 949 1508 expressit
986 1423 1033 1487 Et
1046 1443 1087 1487 eo
1101 1423 1237 1508 qaudam
1257 1425 1379 1491 liberius

428 1539 461 1591 et
473 1529 653 1608 elegantius
671 1548 783 1590 omnes
799 1527 913 1609 arguit,
930 1546 994 1609 quo
1017 1526 1143 1589 cautius
1156 1523 1274 1590 fictitio
1293 1548 1378 1609 argu·

428 1640 548 1708 monto,
561 1629 631 1693 siue
645 1630 776 1692 laesione
796 1647 1012 1712 personarum,
1027 1627 1105 1689 vitia
1124 1624 1311 1692 denudavit
1346 1628 1377 1693 Si

427 1730 620 1794 nobiliorem
641 1731 759 1814 quaeris
779 1741 955 1804 auctorem,
968 1728 1062 1791 multi
1082 1727 1267 1812 procedunt
1287 1750 1377 1793 caue

425 1830 533 1896 doxiae
547 1851 750 1916 repressores.
780 1832 842 1894 Est
855 1841 962 1893 autem
976 1829 1171 1906 cenodoxia,
1183 1837 1223 1893 ut
1236 1832 1376 1915 patribm

425 1934 558 2016 placuit,
571 1933 676 1996 inanis
692 1933 802 2014 gloria,
817 1952 889 2015 quse
910 1939 1050 1993 mentem
1065 1931 1158 1994 inflat
1178 1941 1215 1996 et
1229 1952 1336 2010 aures,
1347 1943 1377 1997 et

424 2034 507 2095 nihil
529 2033 617 2099 aliud
632 2033 841 2098 emolumenti
862 2031 902 2095 de
918 2030 1080 2095 soliditate
1099 2031 1228 2097 virtutis
1242 2033 1376 2099 mortali·

423 2135 486 2197 bus
502 2137 601 2197 affert
646 2137 753 2209 Quum
772 2146 879 2198 autem
894 2133 1045 2217 superbia
1066 2134 1109 2198 sit
1130 2135 1232 2200 totius
1253 2136 1375 2219 peccati

423 2235 561 2312 initium,
575 2236 659 2300 hanc
676 2235 766 2299 dese
783 2237 919 2319 primam
935 2237 1078 2300 sobolem
1094 2235 1211 2318 gignit.
1251 2239 1304 2303 Ab
1318 2239 1375 2303 hac

421 2339 508 2400 enim
531 2337 689 2401 virulenta
710 2337 819 2401 radica
844 2338 1012 2422 superbia,
1036 2348 1160 2420 septem
1186 2339 1376 2424 principalis

420 2437 499 2501 vitia
518 2438 670 2515 oriuntur,
693 2459 767 2523 quar
790 2437 920 2521 quidem
945 2438 1135 2521 principalia
1157 2438 1311 2504 dicuntur
1330 2462 1375 2505 rs·

420 2549 535 2624 spectu
556 2540 726 2616 minorum,
742 2561 816 2625 quas
830 2561 873 2603 es
895 2541 956 2616 his,
971 2541 1058 2605 velut
1079 2539 1191 2623 hydra
1205 2542 1374 2626 capitibus,

420 2642 638 2724 multipliciter
652 2644 823 2726 pullulant.
860 2641 1003 2717 Quorum
1019 2654 1054 2706 ut
1069 2643 1204 2706 uomina
1218 2653 1252 2706 et
1266 2643 1373 2726 figura

419 2743 549 2807 fidelius
570 2755 748 2819 teneantur,
763 2745 900 2829 qualiter
922 2745 1005 2808 hanc
1027 2744 1213 2828 pestiferam
1231 2741 1374 2811 arborem

418 2845 620 2909 beatissimus
635 2847 726 2928 Papa
742 2847 921 2926 Gregorius
935 2846 1080 2930 depingit
1093 2847 1128 2909 in
1144 2845 1372 2923 moralibumi

419 2957 521 3020 vacat,
541 2948 703 3030 paulisper
722 2947 862 3012 attende.
901 2949 1028 3012 Primos
1050 2969 1127 3029 ergo
1149 2969 1258 3013 ramos
1278 2947 1372 3033 hujus

417 3048 536 3130 plantae
561 3043 607 3112 sic
632 3048 809 3129 distinguit,
835 3061 869 3111 ut
898 3050 939 3111 sit
969 3050 1104 3132 primus,
1129 3050 1238 3114 inanis
1263 3051 1371 3133 gloria,

415 3148 576 3213 secundus
590 3148 721 3227 invidia,
736 3149 847 3212 tertius
865 3148 922 3227 ira,
936 3161 1066 3233 quartus
1088 3151 1228 3228 tristitia,
1242 3152 1370 3236 quintus

415 3250 556 3328 avaritia,
579 3261 692 3314 sextus
719 3251 836 3313 ventris
861 3251 1029 3333 ingluvies,
1049 3253 1179 3315 luxuria
1205 3255 1369 3337 septimus·

416 3350 514 3415 Unde
526 3363 558 3414 et
569 3352 724 3428 Salvator,
734 3351 810 3435 quia
820 3373 880 3416 uos
891 3352 943 3416 his
955 3354 1112 3436 superbiae
1124 3354 1211 3418 vitiis
1222 3356 1366 3439 captiuos

415 3450 526 3528 doluit,
542 3451 583 3515 ad
604 3454 769 3534 spirituale
788 3453 987 3516 liberationis
1004 3455 1150 3537 praelium
1170 3456 1366 3539 septiformis

413 3553 521 3633 gratiae
536 3551 648 3637 spiritu
664 3555 779 3635 plenus
788 3554 884 3617 venit.
907 3555 1013 3627 Quum
1024 3577 1098 3618 vero
1110 3557 1259 3621 vitiorum
1276 3560 1366 3644 quin·

411 3675 474 3737 que
507 3654 684 3738 spiritualia
719 3655 795 3732 sint,
828 3655 894 3720 duo
925 3659 1078 3737 carnalia,
1114 3660 1366 3744 unumquodque

410 3777 519 3821 eornm
544 3767 636 3819 tanta
660 3757 720 3819 sibi
746 3754 941 3838 cognatione
965 3759 1125 3843 juugitur,
1151 3771 1189 3824 ut
1213 3783 1281 3826 nou
1299 3752 1364 3826 'nin

410 3860 543 3924 alterum
567 3857 608 3921 de
633 3860 732 3922 altero
758 3873 936 3941 generetur.
974 3861 1174 3946 Habentque
1195 3865 1276 3928 rami
1301 3865 1363 3928 siu·

409 3960 477 4043 guli
505 3963 702 4025 ramusculos
731 3962 772 4026 dc
802 3984 837 4027 so
867 3962 1090 4046 procedentes,
1116 3974 1207 4029 muta
1235 3966 1362 4051 quidem

408 4061 618 4145 amplitudine
640 4063 800 4140 dilatatos,
816 4075 851 4127 ut
865 4062 1021 4127 muudum
1035 4064 1100 4127 sere
1115 4075 1232 4146 totum,
1247 4069 1281 4132 iu
1296 4089 1361 4132 ma·

406 4166 934 4251 liguopositum,peneope1iant.
973 4166 1057 4229 Nam
1076 4165 1118 4229 ds
1141 4168 1230 4232 inani
1251 4170 1360 4252 glosis,

406 4268 637 4346 inobedientia,
648 4268 815 4353 jactantia,
831 4268 1022 4353 hypocrisis,
1038 4271 1278 4351 contentiones,
1293 4293 1359 4356 pcr-

406 4370 543 4448 tinaciae,
556 4369 735 4450 discordia,
743 4379 776 4433 et
785 4370 961 4434 novitatum
974 4373 1242 4455 praesumptiones
1251 4376 1359 4440 orium
