3550 5467
537 725 595 783 148
768 737 903 780 Joaxxrs
920 735 1198 780 sartnsnnnrassrs
1328 716 1411 796 [tra.
1431 734 1484 777 vn.

536 887 733 953 Lombardos
755 888 869 951 debeat
892 888 1041 952 obtinere.
1088 889 1129 949 At
1152 884 1340 949 constitutio
1365 900 1484 972 aposto

535 990 607 1065 lica,
623 989 767 1053 inhibens
783 1013 821 1053 ne
836 989 894 1065 illi,
910 988 977 1073 qni,
993 986 1068 1051 dum
1088 984 1234 1050 ecclesias
1250 986 1411 1066 ambiunt,
1425 1010 1486 1073 quo

537 1090 662 1156 facilius
677 1092 867 1165 subintrent,
888 1091 945 1176 jus
960 1088 1174 1153 advocationis
1194 1104 1362 1175 quoerunt,
1378 1090 1487 1153 admit·

538 1206 644 1257 tantur
659 1193 691 1255 in
711 1193 867 1267 ecclesias,
884 1214 1018 1277 quarum
1035 1190 1202 1254 advocatio
1218 1191 1337 1255 fraude
1360 1193 1489 1278 quaesira

537 1308 595 1372 est,
610 1293 649 1356 ad
675 1293 817 1356 timorem
841 1293 965 1356 dictum
983 1293 1136 1369 referunt,
1150 1305 1180 1356 et
1206 1314 1412 1377 nequaqnam
1427 1316 1488 1355 esse

538 1409 741 1482 perpetuant,
760 1395 815 1458 sed
840 1418 899 1480 pro
923 1394 990 1457 loco
1012 1408 1044 1458 ct
1068 1407 1209 1479 tempore
1231 1393 1488 1479 dispensandum.

542 1499 587 1562 Ut
613 1498 696 1561 eninr
723 1496 766 1560 ait
796 1501 914 1560 Beatus
941 1495 1083 1580 Cyrillus
1104 1495 1137 1556 in
1161 1494 1299 1579 epistola
1324 1494 1489 1581 Ephesium

543 1597 673 1683 synodi,
689 1597 931 1683 dispensationis
946 1598 1059 1660 modus
1075 1597 1154 1662 nulli
1172 1621 1315 1683 unquam
1331 1598 1490 1683 displicuit

542 1700 732 1787 sapientum.
779 1700 811 1762 Si
838 1699 1080 1784 dispensationis
1107 1697 1237 1764 modum
1265 1699 1398 1785 quaeris,
1424 1722 1491 1786 pro

541 1801 655 1865 babilis
671 1816 717 1864 est
734 1800 874 1884 quidem,
890 1801 915 1863 si
934 1823 1010 1884 erga
1031 1800 1157 1874 divites,
1174 1823 1250 1885 erga
1273 1802 1407 1880 nobiles,
1422 1824 1492 1888 erga

542 1917 697 1990 potentes,
712 1918 742 1966 et
760 1901 890 1986 regales,
907 1916 961 1964 aut
977 1903 1122 1977 curiales,
1138 1900 1224 1986 rigor
1239 1924 1400 1967 canonum
1417 1917 1491 1967 tenr-

543 2017 684 2090 peratur.
705 2004 785 2064 Nam
801 2001 868 2065 “de
881 2002 1023 2065 moribus
1034 2001 1146 2065 ultima
1159 2003 1212 2067 fiet
1226 2004 1380 2080 mentio,”
1392 2020 1423 2069 et
1431 2004 1493 2069 istis

542 2126 698 2168 canonum
727 2104 872 2188 rigiditas
899 2126 1101 2189 nequaquam
1125 2104 1228 2190 posita
1250 2117 1308 2168 est.
1355 2105 1492 2172 Justitiae

544 2207 670 2291 quidem
688 2204 779 2269 liberi
796 2219 883 2281 sunt,
900 2219 931 2269 et
946 2229 984 2267 eo
998 2205 1162 2270 ducuntur
1177 2205 1305 2290 spiritu,
1322 2220 1359 2272 ut
1375 2230 1494 2272 necesse

545 2332 605 2372 non
631 2308 767 2370 habeant
792 2330 858 2368 csse
883 2307 942 2370 snb
967 2306 1044 2390 lege.
1090 2312 1220 2372 Statuat
1239 2329 1316 2390 ergo
1330 2309 1383 2372 lex
1410 2310 1494 2396 quod

544 2409 664 2495 placuit
691 2409 802 2474 latori:
844 2432 917 2473 uam
945 2410 996 2473 isti
1029 2409 1187 2494 privilegii
1213 2410 1400 2496 principalis
1421 2435 1495 2497 gau·

545 2511 656 2576 dentes
686 2511 847 2589 beneficio,
874 2509 1028 2596 quicquid
1059 2509 1202 2574 ambiunt
1234 2509 1295 2574 sibi
1321 2527 1496 2598 competere

545 2614 727 2700 opinantur.
773 2613 951 2697 Episcopos
977 2610 1016 2673 ad
1045 2608 1147 2694 prima
1169 2611 1324 2675 beneficia
1344 2613 1497 2698 obligant,

547 2734 578 2781 et
594 2717 635 2780 de
647 2716 759 2779 futura
774 2713 968 2777 successione
984 2712 1099 2798 pacisci
1114 2734 1175 2774 non
1189 2727 1349 2777 verentur.
1389 2713 1498 2780 Restat

547 2841 623 2902 ergo
640 2833 674 2883 ut
692 2818 774 2882 tristi
797 2816 902 2903 pactio
926 2815 1088 2902 repleatur
1103 2828 1232 2895 eventu,
1247 2830 1279 2879 et
1304 2816 1391 2881 illius
1416 2820 1499 2904 quis·

550 2947 612 3011 que
627 2924 785 2988 animetur
800 2935 831 2985 et
852 2933 993 2983 armetur
1015 2919 1044 2980 in
1069 2940 1187 2994 necem,
1204 2921 1298 3006 cujus
1318 2923 1419 2987 ambit
1435 2947 1498 2987 suc·

550 3027 731 3090 cessionem.
777 3024 810 3088 si
842 3023 925 3085 enim
956 3020 1066 3083 cedere
1097 3035 1248 3097 moretur,
1280 3023 1499 3101 adversantur,

552 3142 680 3202 vexant,
692 3141 722 3190 et
737 3124 955 3210 multiplieiter
970 3122 1155 3187 concutiunt
1169 3146 1391 3210 possessorem.
1429 3131 1500 3192 Pos-

551 3230 646 3294 sessio
656 3251 791 3314 namque
803 3225 1076 3311 paritadversario
1085 3226 1239 3288 actionem
1250 3226 1367 3292 iurem.
1391 3229 1501 3294 Sirero

554 3332 711 3416 quispiam
727 3329 932 3414 praelatorunt
951 3352 1016 3391 suae
1032 3327 1221 3390 conditionis
1242 3352 1373 3406 memor,
1389 3332 1434 3395 eis
1447 3355 1502 3417 pro

555 3448 630 3495 voto
644 3454 703 3494 non
721 3429 911 3507 obaudierit,
923 3435 1073 3493 “amaras
1084 3429 1157 3494 ilico
1172 3431 1264 3495 audit
1281 3432 1502 3512 historias,”eo

554 3531 640 3615 quod
657 3530 876 3612 indignum,et
894 3531 1153 3595 contumeliosum
1164 3532 1293 3594 omnino
1310 3534 1503 3620 reputant,si

555 3632 659 3716 turpis
674 3646 705 3693 et
729 3629 894 3693 inhonesta
917 3633 1030 3717 petitio
1045 3632 1201 3717 repulsam
1219 3633 1337 3698 alicubi
1355 3638 1502 3721 patiatur.

555 3733 687 3797 Interim
704 3754 779 3814 ergo
794 3730 915 3794 alarum
933 3755 1062 3797 suarum
1079 3735 1227 3797 feruntur
1243 3737 1389 3820 remigio,
1404 3739 1505 3803 nidili·

553 3848 624 3899 cant
642 3835 672 3897 in
689 3833 860 3920 provinciis
875 3834 1022 3915 singulis,
1039 3837 1092 3898 vix
1108 3850 1187 3920 quot
1204 3836 1297 3901 nidos
1314 3838 1444 3920 habeut,
1459 3841 1504 3904 vel

552 3937 613 4021 ipsi
625 3937 738 4005 sciunt,
752 3935 867 3997 diurna
879 3935 919 3997 ad
933 3937 1145 4020 peragrandas
1156 3937 1293 4024 alicujus
1304 3942 1391 4005 orbis
1401 3943 1506 4029 plagas

552 4040 597 4103 cis
626 4049 848 4124 praeparantur
879 4037 1025 4120 hospitia,
1054 4052 1085 4100 et
1113 4041 1143 4100 in
1170 4053 1259 4103 tanto
1286 4064 1432 4123 numero,
1457 4044 1504 4107 vix

553 4141 722 4224 hospitiolo
749 4160 813 4200 uno
838 4137 976 4200 donatur
1004 4138 1187 4202 horridulus
1213 4164 1328 4206 comcs.
1375 4150 1457 4210 Nam
1483 4143 1506 4209 si

553 4244 627 4329 quis
643 4243 702 4305 hoc
724 4238 844 4310 fecerit,
861 4238 1004 4323 probata
1024 4237 1223 4305 liberalitatis
1239 4257 1297 4306 est.
1339 4245 1464 4331 Utique
1478 4258 1506 4309 ct

554 4343 685 4427 insignis
707 4337 897 4425 prudentiae,
913 4339 936 4400 si
954 4341 1027 4424 quis
1049 4356 1094 4405 tot
1112 4365 1305 4429 quocunqne
1328 4348 1424 4412 rnodo
1439 4371 1506 4413 can·
