3550 5467
281 716 430 796 rhotom]
639 733 892 780 mercatrices.

373 885 452 937 Nam
464 883 489 936 ai
502 882 617 951 Virgilio
629 901 694 953 puer
706 889 733 936 ct
745 883 881 936 tolerabile
895 884 963 936 desit

375 969 544 1041 Hospitium,
556 968 681 1021 caderent
692 986 783 1021 ornnes
794 986 811 1020 a
822 968 936 1022 crinibus
947 968 1031 1039 hydri.

274 1093 435 1158 Praeterea
457 1109 570 1154 vereor
590 1111 632 1152 ne
655 1089 731 1152 dum
751 1088 792 1152 ad
814 1090 1004 1172 obsequium
1028 1091 1163 1156 devotus
1182 1114 1234 1158 ac·

274 1193 398 1275 cingor,
417 1189 628 1275 dispendium
646 1190 779 1274 pudoris
799 1190 932 1264 faciens,
954 1195 1138 1257 amulorum
1161 1216 1234 1279 pro·

274 1315 386 1358 rocem
409 1294 550 1375 linguas,
564 1293 618 1376 qui
642 1293 728 1355 mala
749 1291 854 1356 aliena
873 1292 1024 1358 facillime
1040 1307 1187 1378 carpunt,
1201 1309 1234 1363 et

274 1398 362 1460 bona
386 1394 575 1458 difficillime
601 1395 774 1458 imitantur.
821 1391 917 1465 Quod
947 1405 1065 1472 autem,
1090 1399 1118 1461 si
1146 1399 1233 1462 aliud

276 1519 341 1561 non
360 1498 448 1572 licet,
463 1496 512 1559 vis
532 1507 568 1559 ut
589 1495 630 1559 de
652 1497 789 1558 sorturne
812 1496 950 1572 calculo,
972 1496 1050 1559 mihi
1073 1509 1106 1560 et
1128 1499 1235 1562 Musis

276 1620 403 1684 querar,
418 1597 569 1662 suadente
591 1597 719 1683 quidem
743 1598 860 1661 mentis
875 1599 1033 1678 angustia,
1049 1600 1233 1664 lacillimum

276 1714 335 1778 cst,
354 1721 466 1786 quum,
485 1713 566 1764 teste
590 1700 745 1782 Gregorio
766 1700 989 1774 Nazianzeno‚
1005 1700 1085 1763 nihil
1108 1703 1236 1765 suavius

276 1803 424 1866 rideatur
449 1801 634 1864 hominibus
659 1822 755 1884 quam
787 1801 893 1862 aliena
922 1800 1024 1883 loqui,
1054 1803 1102 1864 vel
1132 1803 1236 1867 aliena

278 1925 403 1981 curare,
432 1903 490 1966 sed
520 1925 540 1965 a
570 1903 757 1987 compositae
788 1902 905 1965 mentis
936 1902 1064 1966 arbitrio
1094 1904 1237 1969 rideatur

278 2006 431 2069 alienum.
478 2005 584 2068 Decet
611 2004 696 2066 enim
726 2003 905 2085 sapientem
936 2016 1074 2066 mentem
1106 2027 1236 2089 compo-

279 2127 366 2184 nere,
389 2117 426 2168 ut
447 2103 488 2168 ad
516 2126 643 2167 omnem
668 2104 803 2166 fortunar
829 2103 994 2186 impetum,
1016 2106 1153 2187 querelis
1178 2128 1235 2170 ex·

280 2208 390 2286 clusis,
419 2221 545 2271 scutum
582 2205 715 2269 rationis
752 2205 843 2289 quasi
880 2208 1018 2270 volubile
1054 2210 1233 2292 praetoriuur

278 2308 539 2392 philosophantis
562 2317 714 2391 opponat.
759 2306 823 2377 Qui
849 2307 935 2369 enim
961 2329 1034 2371 cum
1061 2319 1163 2374 status
1185 2311 1234 2375 sui

278 2410 435 2493 qualitate
461 2410 593 2483 rixatur,
618 2409 678 2470 nisi
707 2407 786 2470 sorte
811 2405 852 2470 de
879 2409 1007 2490 peccati
1032 2412 1235 2494 corruptione

277 2510 452 2593 languidus
487 2510 689 2593 ingemiscat,
717 2509 860 2573 nondum
897 2510 1152 2594 philosophantis
1187 2513 1235 2575 iu-

278 2635 406 2695 gressus
420 2624 471 2677 eat
485 2612 578 2675 viam.
624 2612 675 2674 De
693 2633 742 2675 me
767 2611 899 2694 quidem
920 2612 1032 2674 merito
1048 2612 1137 2694 queri
1159 2635 1234 2696 pos-

277 2737 359 2794 sum,
390 2714 446 2798 qui
476 2713 681 2794 exigentibus
709 2713 813 2796 culpis
843 2711 934 2788 meis,
963 2712 995 2772 in
1032 2712 1064 2774 id
1098 2712 1234 2775 miserita

277 2816 444 2901 projectus
470 2835 553 2892 sum,
574 2823 611 2876 ut
633 2813 665 2874 in
693 2813 818 2895 flagella
844 2826 973 2896 paratus
998 2810 1115 2889 videar,
1140 2825 1172 2875 et
1198 2835 1234 2877 os

277 2939 383 2980 meum
407 2924 502 2979 nocte
525 2913 689 2977 doloribus
711 2912 900 2997 perforetur,
922 2924 954 2974 et
977 2912 1032 2995 qui
1055 2933 1105 2974 me
1127 2935 1231 2977 come·

277 3017 369 3093 dunt,
383 3037 448 3079 non
465 3015 641 3100 quiescant.
680 3016 788 3087 Quum
804 3035 879 3095 ergo
896 3013 987 3076 dolor
1001 3034 1092 3075 meus
1106 3013 1140 3076 in
1156 3035 1233 3078 con-

276 3133 390 3203 spectu
414 3139 487 3181 meo
512 3117 555 3182 sit
580 3137 717 3199 semper,
742 3125 879 3198 putasne
906 3115 1007 3198 possit
1032 3116 1158 3193 calami,
1185 3117 1233 3178 vel

278 3218 445 3283 stridentis
465 3218 579 3282 fistulae
602 3218 757 3281 suavitate
780 3215 936 3280 mulceri?
976 3216 1104 3279 Faciam
1127 3230 1233 3280 tamen

276 3336 460 3404 utrumque,
483 3331 613 3384 anctore
639 3319 789 3397 Domino,
815 3318 905 3401 quod
932 3317 1075 3394 hortaris,
1097 3330 1129 3381 et
1152 3319 1234 3382 inter

277 3424 379 3486 varias
394 3442 475 3505 opes
490 3431 524 3484 et
538 3420 662 3484 delitias
684 3421 860 3498 nationum,
875 3420 991 3504 quibus
1005 3419 1120 3499 affluis,
1129 3421 1234 3507 jejuni

276 3524 428 3608 pectoris,
452 3536 485 3587 et
508 3521 605 3585 aridae
636 3520 755 3602 linguoe
781 3523 1017 3606 qualiacunque
1043 3525 1233 3588 munuscula

275 3638 330 3689 tuo
361 3624 486 3687 nomini
518 3626 721 3688 consecrabo.
772 3626 847 3687 Non
874 3625 959 3688 enim
989 3624 1030 3688 de
1060 3627 1234 3691 subtilitate

277 3727 517 3801 sententiarum,
533 3739 587 3790 aut
610 3729 776 3791 verborum
800 3737 964 3790 venustate
986 3749 1155 3811 praesumo,
1177 3728 1233 3793 sed

277 3827 314 3891 dc
337 3828 523 3891 sinceritate
550 3827 730 3891 devotionis
756 3827 839 3905 vitae,
863 3850 937 3891 curn
968 3830 1079 3912 quovis
1108 3842 1231 3894 oratore

277 3929 484 3994 contendam:
509 3942 615 3994 certus
630 3929 718 4013 quod
734 3950 804 3992 eam
821 3949 886 4012 prae
903 3949 979 3992 auro
994 3930 1186 4013 sapientum,
1200 3944 1232 3994 et

277 4033 494 4117 eloquentium
509 4042 641 4113 argento
657 4031 855 4114 acceptabis,
871 4030 1049 4114 discipulus
1063 4033 1158 4110 illius,
1175 4034 1230 4116 qui

279 4133 339 4198 duo
365 4136 491 4198 minuta
517 4134 636 4210 viduae,
658 4134 823 4218 pomposis
853 4132 1070 4197 oblationibus
1099 4134 1232 4196 divitum

280 4239 421 4320 pretulit.
468 4236 544 4301 Erit
558 4235 653 4298 etiam
670 4238 775 4299 favore
792 4235 891 4317 digna
906 4236 1106 4318 simplicitas,
1121 4250 1153 4296 et
1168 4255 1232 4297 non

282 4361 371 4423 quern
393 4362 525 4405 sensum
549 4337 653 4421 prima
673 4338 755 4400 facie
778 4339 873 4401 verba
896 4338 1090 4420 significent,
1111 4333 1168 4398 sed
1190 4357 1232 4400 cx

319 4459 389 4506 vot.
406 4460 454 4505 ιν.
749 4457 771 4500 a
