3550 5467
551 718 592 775 66
809 728 943 772 rosanus
958 726 1238 804 sinssnnnrsnsrs
1358 713 1441 791 [cua
1458 729 1499 773 vr.

553 883 666 946 mulier
684 882 818 955 detexit,
834 892 866 944 et
880 881 928 943 M.
945 880 1088 944 Tullium
1109 881 1275 944 consulem
1290 880 1324 942 in
1340 879 1499 964 judicium

552 988 622 1072 ejus
652 986 809 1050 instruxit.
856 985 1039 1048 Tormentis
1068 984 1198 1068 quidem
1228 983 1390 1048 subdendi
1419 999 1503 1061 sunt,

552 1089 580 1152 si
602 1089 665 1151 hoc
687 1087 767 1150 ratio
790 1086 1000 1161 necessitatis,
1023 1096 1078 1149 aut
1106 1085 1251 1148 utilitatis
1280 1085 1423 1161 inducat,
1447 1087 1502 1171 qui

552 1189 695 1254 criminis
716 1189 787 1272 ejus
808 1189 854 1251 rei
875 1209 945 1251 esse
968 1185 1140 1251 creduntur
1170 1208 1243 1250 cum
1271 1187 1346 1263 illis,
1369 1209 1503 1270 quornm

502 1349 505 1355 .
553 1291 689 1356 oonsilio
711 1301 808 1374 atque
832 1289 986 1353 instinctu
1015 1287 1055 1352 ad
1078 1288 1318 1352 accusationem
1348 1291 1505 1353 visisunt

553 1393 739 1466 accessisse,
762 1402 798 1455 nt
826 1392 867 1453 ab
895 1390 1043 1453 omnibus
1065 1388 1245 1452 commissis
1274 1392 1415 1455 consciis
1437 1393 1504 1454 vin·

554 1495 642 1558 dicta
670 1495 774 1577 possit
802 1493 948 1556 instituta
977 1491 1141 1575 reportari.
1187 1491 1269 1555 Sunt
1297 1504 1404 1557 autem
1433 1496 1503 1579 plu·

553 1598 642 1674 rima,
672 1616 744 1678 quae
776 1593 951 1679 majestatis
981 1593 1154 1656 informant
1183 1593 1314 1671 crimen,
1344 1609 1379 1659 nt
1408 1597 1435 1659 si
1465 1597 1504 1660 do

554 1710 654 1762 morte
668 1696 826 1782 principis
840 1705 1000 1774 tractetur,
1016 1707 1070 1758 aut
1084 1695 1335 1776 magistratuum,
1350 1710 1406 1763 aut
1419 1720 1508 1763 arma

555 1800 628 1884 quis
653 1811 764 1863 contra
788 1797 923 1881 patriam
949 1796 1065 1873 tulerit,
1087 1808 1142 1859 aut
1164 1797 1275 1861 relicto
1296 1799 1443 1882 principe
1467 1800 1507 1864 de

555 1901 686 1984 publico
716 1899 802 1960 bello
831 1897 1017 1980 profugerit,
1047 1909 1104 1959 aut
1133 1898 1328 1961 concitatum
1359 1901 1395 1963 in
1424 1903 1505 1964 sedi-

554 2001 674 2063 tionem
690 1997 842 2060 adversus
856 1997 1087 2078 rempublicam
1102 1997 1321 2062 sollicitaverit
1335 2003 1507 2085 populum:

554 2100 686 2182 cujusve
711 2117 819 2178 opera,
845 2095 959 2159 dolove
986 2098 1080 2172 malo,
1106 2098 1214 2160 hostes
1244 2102 1367 2181 populi,
1398 2103 1508 2187 reique

553 2200 706 2286 publicar,
741 2209 931 2271 commeatu,
967 2198 1074 2275 armis,
1110 2199 1193 2276 telis,
1226 2204 1375 2283 pecunia,
1407 2229 1508 2289 quave

554 2301 617 2366 alia
642 2321 674 2361 re
697 2298 896 2382 adjuvantur,
918 2300 968 2361 vel
991 2320 1033 2361 ex
1058 2299 1169 2362 amicis
1191 2300 1299 2365 hostes
1322 2305 1510 2389 reipublicae

553 2403 653 2465 fiunt:
677 2400 808 2483 cujusve
830 2421 938 2484 opera,
961 2399 1076 2464 dolove
1099 2401 1196 2478 malo,
1210 2402 1332 2466 factum
1354 2405 1425 2486 erit,
1446 2432 1510 2495 quo

555 2504 658 2586 magis
672 2501 802 2566 obsides
817 2502 955 2585 pecunia
971 2500 1086 2567 dentur
1101 2500 1252 2566 adversus
1266 2507 1511 2589 rempublicam,

556 2631 620 2694 quo
640 2607 746 2670 minus
766 2605 860 2668 etiam
882 2626 962 2687 gens
983 2615 1146 2668 extraneo
1166 2607 1304 2689 regionis
1323 2611 1510 2694 reipublicae

556 2712 764 2792 obtemperet,
780 2707 900 2770 fecerit.
947 2709 1028 2770 ltem
1052 2708 1107 2790 qui
1130 2709 1312 2773 consessum
1334 2712 1367 2774 in
1385 2714 1509 2796 judicio

555 2833 655 2887 reum,
669 2820 702 2873 et
723 2819 854 2892 propter
873 2809 935 2873 boc
956 2810 989 2871 in
1010 2810 1137 2873 vincula
1151 2811 1344 2894 conjectum,
1360 2817 1510 2897 emiserit,

556 2914 636 2976 etin
651 2914 737 2974 hunc
754 2911 882 2973 modum
900 2910 1048 2994 plurima,
1064 2932 1136 2994 qua»
1156 2912 1300 2994 longum,
1315 2925 1369 2978 aut
1390 2915 1510 3000 impos·

557 3015 651 3077 sibile
675 3022 724 3075 est
749 3032 904 3074 enarrare.
950 3009 1015 3074 Sed
1040 3008 1113 3096 quia
1137 3012 1269 3076 sormam
1291 3014 1455 3081 fidelitatis
1477 3019 1510 3083 in

557 3139 596 3180 eo
611 3137 676 3201 prae
693 3115 817 3178 caetcris
832 3114 948 3177 servari
968 3123 1105 3197 oportet,
1119 3134 1223 3196 pauca
1241 3128 1315 3179 sunt
1336 3120 1510 3203 exquibus

559 3217 637 3303 quid
660 3238 724 3280 non
748 3217 855 3291 liceat,
872 3213 1130 3277 commodissime
1153 3216 1260 3297 colligi
1283 3229 1398 3300 potest.
1445 3223 1510 3287 Ne·

559 3319 688 3383 cessarii
711 3337 850 3398 namque
880 3314 1086 3388 contrarium,
1113 3316 1312 3395 impossibile
1338 3333 1398 3401 est,
1423 3337 1456 3389 et
1480 3326 1509 3388 ei

559 3416 646 3503 quod
662 3425 788 3497 oportet
808 3414 888 3489 fieri,
903 3414 972 3475 sola
991 3413 1104 3476 illicita
1118 3417 1350 3484 contradicunt
1395 3426 1511 3511 Exigit

559 3527 665 3582 autem
695 3515 859 3578 fidelitatis
887 3513 998 3588 torma,
1026 3534 1098 3595 quae
1127 3520 1308 3581 necessario
1333 3523 1411 3589 fidei
1437 3540 1511 3593 sunt

558 3621 686 3691 inserta,
716 3617 888 3691 incolume,
918 3627 1032 3688 tutum,
1068 3615 1250 3697 honestum,
1286 3624 1373 3704 utile,
1410 3629 1512 3708 facile,

558 3719 721 3804 possibile.
768 3718 818 3780 Ne
842 3718 895 3780 cui
918 3713 1069 3780 fidelitate
1095 3730 1241 3785 tenemur
1264 3725 1395 3807 astricti,
1421 3731 1511 3795 inco·

556 3823 734 3887 lumitatem
752 3818 907 3883 laedamus
925 3820 1079 3903 corporis,
1098 3833 1154 3886 aut
1175 3825 1371 3893 munitiones
1393 3833 1511 3914 quibus

505 3947 507 3950 ·
556 3936 644 3990 tutus
669 3931 718 3986 est
739 3919 955 3995 detrahamus,
975 3934 1030 3985 aut
1051 3944 1282 4006 presumamus
1303 3933 1512 4010 committere,

558 4028 643 4092 unde
658 4025 759 4087 honor
774 4034 828 4086 aut
841 4022 927 4086 illius
941 4024 1061 4086 utilitas
1083 4026 1258 4091 minuatur:
1282 4031 1339 4094 sed
1354 4054 1461 4116 neque
1477 4034 1510 4099 id

558 4128 645 4216 quod
659 4126 752 4189 facile
767 4134 827 4198 est,
840 4123 969 4186 difficile
984 4125 1053 4188 fleri
1068 4127 1158 4204 licet;
1182 4142 1237 4194 aut
1252 4131 1338 4214 qnod
1353 4136 1509 4216 possibile

558 4242 617 4310 est,
645 4225 850 4311 impossibile.
896 4224 1052 4290 Praeterea
1082 4230 1136 4311 qui
1166 4231 1357 4297 beneficium
1388 4237 1430 4299 ab
1460 4257 1509 4313 eo,

560 4332 652 4415 cujus
677 4326 782 4390 tidelis
808 4337 867 4404 cst,
896 4325 1049 4408 possidet,
1078 4329 1226 4409 gerendis
1255 4331 1323 4415 ejus
1352 4336 1508 4400 auxilium
