3550 5467
291 751 364 795 car.
381 734 470 813 xia]
586 788 591 803 ,.
670 753 924 797 ronrcnrrrcus.
1182 748 1245 806 297

289 902 381 987 prius
411 926 471 967 suo
493 915 595 979 eruto,
625 902 739 967 deinde
768 903 824 966 lilii
853 903 957 983 oculo,
987 927 1079 970 usum
1114 909 1243 979 videndi

289 1003 420 1089 utrique
442 1002 585 1089 reliquit.
631 1005 684 1068 Ita
698 1003 843 1069 debitum
863 1003 1011 1092 supplicii
1032 1007 1163 1073 modum
1179 1010 1242 1097 legi

286 1106 442 1183 reddidit,
458 1107 620 1193 aequitatis
635 1107 813 1172 admirabili
832 1121 1092 1196 temperamento,
1111 1135 1143 1176 se
1158 1113 1241 1180 inter

287 1208 523 1274 misericordem
536 1224 671 1296 patrem,
685 1211 848 1295 etjustum
864 1210 1075 1296 legislatorem
1092 1219 1239 1299 partitus.

288 1308 404 1374 Nonne
433 1310 585 1375 memoria
614 1312 723 1376 talium
753 1310 880 1376 fidelius
914 1311 1048 1378 inhaeret
1080 1318 1239 1385 mentibus

284 1411 482 1489 auditorum,
503 1436 599 1500 quam
623 1417 649 1478 si
670 1412 863 1477 nebulonum
882 1413 1034 1479 aluissent
1049 1419 1237 1498 exercitum,

283 1516 1237 1605 autmutatoriavestiumimperitmmultitudinisaspectibus

282 1614 509 1700 ingessissent?
542 1620 615 1702 Age
638 1617 717 1702 quid
749 1616 874 1680 Solonis
896 1616 1067 1703 prudentia
1097 1623 1235 1688 meruit?

282 1715 471 1793 Felicitatis,
486 1717 603 1803 inquit,
619 1717 735 1802 judex,
751 1716 819 1780 dies
831 1716 964 1782 ultimus
979 1732 1036 1794 est,
1053 1732 1086 1785 et
1095 1722 1236 1808 appella-

279 1817 375 1882 tionis
396 1819 546 1883 honorem
568 1819 703 1904 sapienti
723 1821 890 1884 confirmat
912 1842 1020 1905 rogus.
1069 1824 1234 1910 Siquidem

278 1943 384 1985 rerum
405 1921 497 1987 initia
525 1922 684 1988 debentur
706 1922 854 1998 fortunar,
884 1919 1117 2010 philosophiam
1148 1928 1234 1993 solus

277 2035 440 2086 consecrat
464 2022 546 2087 finis.
571 2021 672 2100 Idem,
694 2022 772 2086 nihil
789 2022 909 2086 homini
932 2026 1149 2108 metuendum,
1172 2029 1232 2094 nisi

276 2144 317 2185 ne
332 2122 564 2210 philosophiam
577 2125 649 2188 linis
663 2124 822 2189 excludat.
854 2125 949 2190 Unde
962 2150 1060 2212 quum
1070 2152 1110 2193 ex
1122 2129 1231 2197 amicis

275 2223 434 2308 quendam
465 2225 606 2308 graviter
636 2239 832 2302 moerentem,
859 2225 992 2303 videret,
1020 2230 1171 2314 perduxit
1195 2234 1229 2298 iu

275 2346 393 2403 arcem,
417 2325 626 2412 hortatusque
653 2341 711 2404 est,
743 2334 778 2392 ut
801 2351 858 2414 per
880 2352 988 2393 omnes
1011 2332 1227 2418 subjectorum

272 2426 481 2491 {edificiorum
519 2443 625 2515 partes
661 2429 769 2493 oculos
805 2432 1032 2497 circumferret.
1090 2436 1228 2518 Deinde,

274 2528 393 2613 Cogita
414 2553 499 2593 nuno
522 2544 639 2611 tecum,
661 2530 776 2617 inquit,
799 2555 896 2616 quam
923 2533 1014 2598 multi
1038 2535 1144 2600 luctus
1166 2539 1227 2603 sub

272 2631 334 2696 sub
349 2631 399 2696 his
424 2633 525 2712 tectis,
539 2647 571 2697 et
592 2632 666 2696 olim
684 2633 813 2706 suerint,
830 2646 862 2695 et
884 2633 980 2695 modo
1002 2649 1178 2713 versentur,
1194 2651 1226 2703 et

269 2733 303 2795 in
319 2736 526 2820 sequentibus
541 2733 665 2800 saeculis
679 2735 741 2798 sint
757 2733 870 2812 futuri,
885 2745 918 2797 et
934 2737 1025 2800 mitte
1041 2737 1225 2804 mortalium

268 2832 470 2901 incommoda
492 2850 643 2923 tanquam
668 2837 797 2923 propria
818 2834 943 2899 deflere.
989 2834 1074 2910 Quia
1095 2838 1225 2906 sirecte

269 2932 428 3012 intendas,
452 2938 547 3002 urbes
568 2937 646 3000 nihil
677 2936 765 3000 aliud
788 2950 872 3010 sunt,
896 2959 992 3023 quarn
1018 2939 1224 3007 humanarum

267 3035 406 3102 cladium
424 3038 600 3102 miseranda
622 3051 782 3123 consepta.
827 3041 899 3101 Rex
915 3039 1010 3102 etiam
1030 3038 1082 3102 ille
1100 3042 1225 3108 subtilis

263 3139 392 3225 judicii,
419 3164 514 3227 quem
536 3141 656 3212 ferunt,
682 3156 810 3202 auctore
835 3140 970 3219 Valerio,
991 3140 1144 3207 traditum
1164 3145 1223 3211 sibi

266 3241 418 3306 diadema
435 3247 621 3328 priusquam
646 3242 742 3327 capiti
763 3240 951 3327 imponeret,
972 3255 1129 3308 recentem
1144 3269 1222 3331 pan·

266 3365 344 3407 num
357 3343 414 3408 diu
428 3343 641 3409 considerasse
653 3357 750 3429 atque
766 3343 899 3408 dixisse:
918 3344 946 3407 Ο
959 3343 1095 3408 nobilem
1110 3350 1222 3433 magis,

265 3467 364 3530 quam
378 3445 501 3509 felicem
514 3468 770 3533 pannnm‚qncm
785 3445 810 3508 si
821 3445 893 3529 quis
903 3445 1028 3530 penitus
1039 3467 1219 3532 cognoscat,

265 3569 364 3633 quam
391 3548 500 3612 multis
521 3547 788 3623 solicitudinibus,
805 3561 836 3610 et
860 3546 1019 3632 periculis,
1035 3561 1067 3613 et
1088 3549 1222 3620 miseriis

264 3648 306 3712 sit
321 3649 470 3730 refertus,
485 3671 524 3713 ne
539 3648 630 3713 humi
647 3648 776 3734 quidem
787 3649 948 3734 jacentem
963 3648 1098 3717 tolleret.
1130 3654 1220 3719 Aris·

264 3751 420 3836 tophanes
436 3774 565 3836 quoque
586 3774 648 3815 non
664 3758 811 3836 oporte're
826 3751 931 3839 inquit
953 3749 985 3813 in
1001 3753 1081 3817 urbe
1096 3758 1219 3822 nutrire

263 3850 407 3925 leonem;
433 3855 480 3916 sin
503 3866 610 3916 autern
634 3851 730 3917 alitus
752 3853 805 3930 sit,
834 3853 967 3940 obsequi
989 3853 1018 3916 ei
1041 3861 1218 3922 convenire.

260 3957 375 4018 Monet
398 3954 482 4018 enim
499 3967 534 4019 ut
558 3954 729 4041 praecipuae
745 3955 933 4034 nobilitatis,
956 3970 987 4020 et
1003 3957 1149 4022 concitati
1173 3959 1219 4021 iu-

259 4057 344 4138 genii
356 4057 503 4141 juvenes,
515 4057 732 4120 refrenentur:
757 4057 853 4120 nimio
870 4079 945 4120 vero
959 4056 1076 4129 favore,
1094 4079 1130 4118 nc
1146 4080 1218 4140 pro·

256 4157 330 4221 t'usa
339 4157 541 4243 indulgentia
552 4161 647 4244 parci,
661 4159 841 4243 quominus
853 4156 1028 4242 potentiam
1041 4154 1216 4232 obtineant,

258 4279 296 4321 ne
322 4258 539 4342 impediantur
553 4257 697 4343 quidem,
718 4255 807 4341 quod
830 4256 966 4320 stultum
991 4268 1022 4318 et
1039 4253 1153 4318 inutile
1175 4256 1216 4319 sit

259 4384 312 4426 eas
342 4363 522 4426 obtrectare
546 4360 638 4440 vires,
660 4382 741 4444 quas
770 4358 837 4440 ipse
860 4356 987 4421 foveris.
1033 4354 1217 4419 Aristoteles
