3550 5467
311 737 377 781 cre.
390 719 505 800 rutra]
655 737 909 785 eonrcnarrcus.
1219 728 1259 786 57

309 898 366 966 est,
387 889 452 973 qui,
477 891 623 975 quamvis
644 912 687 955 ex
709 891 838 974 pietatis
864 893 973 957 officio
997 904 1032 957 ut
1054 893 1172 977 hospes
1195 915 1262 958 non

309 991 407 1054 suerat
421 989 656 1067 excludendus,
671 992 885 1076 oppqrtunius
901 1003 1006 1057 tamen
1021 995 1124 1059 suerat
1138 1015 1212 1059 eum
1227 1004 1263 1059 ut

308 1090 478 1171 advenam,
492 1111 560 1154 non
576 1092 667 1174 qnasi
678 1090 825 1175 judicem
840 1092 981 1157 introire.

305 1412 387 1496 Cap.
406 1416 457 1475 23.
483 1411 664 1475 levitatem
688 1415 773 1475 siem
798 1414 962 1498 loquendi,
981 1417 1032 1478 ita
1053 1423 1085 1478 et
1105 1413 1265 1477 audiendi

348 1513 540 1576 velandam:
576 1521 608 1576 et
630 1514 719 1597 qaod
736 1514 826 1595 finio
848 1516 1039 1598 voluptatis,
1064 1517 1265 1597 poenitenlia

350 1622 407 1677 est.

349 1767 478 1846 omn,
500 1767 618 1852 inquit,
640 1768 692 1831 fao
715 1789 789 1832 eum
817 1767 967 1846 consilio,
989 1778 1021 1832 et
1049 1778 1124 1851 post
1144 1768 1264 1831 factum

307 1888 372 1931 non
386 1869 572 1953 poenitebis.
616 1870 773 1934 Praeterea
788 1869 873 1933 sicut
893 1868 1072 1954 prinoipem
1094 1869 1176 1932 levia
1190 1891 1263 1954 pro·

304 1972 385 2033 serre
400 1991 467 2034 non
482 1970 587 2051 decet,
601 1972 648 2037 sie
664 1993 726 2036 nee
743 1971 869 2036 facilem
887 1970 1018 2055 quidem
1037 1992 1107 2035 esse
1122 1971 1165 2035 ad
1179 1973 1262 2037 levia

305 2072 476 2138 audienda.
531 2074 588 2137 Ait
616 2074 702 2137 enirn
732 2073 910 2157 sapientia:
948 2073 1106 2157 Princeps
1136 2075 1193 2157 qui
1222 2075 1261 2138 li-

304 2176 417 2240 benter
433 2174 523 2239 audit
543 2177 639 2239 verba
658 2175 831 2253 mendacii,
846 2197 959 2240 omnes
977 2175 1139 2240 ministros
1162 2177 1261 2241 habet

304 2278 433 2360 impios.
495 2277 820 2342 confabulationibus
856 2291 889 2344 et
926 2278 1082 2343 conviviis
1112 2301 1146 2342 se
1184 2280 1258 2343 totis

304 2377 424 2442 viribus
452 2379 611 2444 immiscet
639 2381 760 2458 Venus,
790 2379 882 2465 eujus
912 2381 966 2463 qui
996 2380 1100 2464 prima
1128 2380 1261 2444 missilia

282 2479 443 2570 'libenter
471 2481 620 2559 admittit,
642 2482 719 2564 quin
742 2481 973 2564 posterioribus
1003 2482 1130 2563 gravius
1153 2482 1260 2545 vulne-

303 2593 400 2660 retur,
415 2581 470 2645 vix
485 2582 602 2646 evadit.

408 2704 499 2771 Visus,
511 2711 539 2759 et
549 2705 698 2777 alloquium,
710 2711 852 2771 contactus,
865 2713 893 2759 et
905 2705 1002 2771 osenla,
1012 2703 1117 2767 laetum,

305 2819 387 2884 siout
406 2842 441 2884 se
459 2821 647 2906 praeeedunt
665 2820 786 2900 ordine,
802 2822 848 2886 ita
870 2830 905 2885 et
926 2843 968 2885 ex
989 2820 1181 2886 necessitate
1199 2819 1256 2884 do·

305 2920 380 2984 loris
407 2922 548 2988 inferunt
577 2936 711 3007 partum.
765 2923 949 3006 Voluptatis
980 2921 1141 3006 siquidem
1170 2922 1256 3001 finis,

306 3023 494 3105 poenitentia
512 3037 568 3089 est
613 3023 742 3090 simini
764 3047 830 3089 non
846 3024 963 3102 credis,
978 3026 1027 3088 vel
1042 3023 1257 3088 Demostheni

305 3124 411 3204 erede,
425 3127 480 3211 qui
496 3127 573 3191 satis
588 3128 707 3191 urbane
723 3126 784 3190 hoc
805 3126 896 3190 Laidi
911 3125 1027 3188 dicitur
1040 3123 1255 3206 respondisse.

305 3227 387 3292 Haec
408 3240 514 3293 autem
537 3230 614 3293 Lais
633 3228 804 3294 Corinthia
826 3228 869 3291 ob
894 3225 1085 3307 elegantiam
1107 3235 1255 3288 venusta·

304 3337 431 3413 temque
446 3330 554 3394 formae
575 3330 727 3412 grandem
743 3330 912 3413 pecuniam
927 3327 1122 3392 demerebat.
1167 3325 1255 3390 Con·

304 3445 481 3516 ventusque
493 3433 535 3497 ad
550 3455 620 3497 eam
636 3433 778 3497 divorum
794 3433 958 3495 hominum
974 3452 1016 3494 ex
1032 3429 1119 3494 omni
1129 3429 1256 3494 Graecia

303 3532 444 3598 celebres
465 3546 565 3613 erant,
586 3555 647 3598 nee
670 3534 869 3613 admittebat,
891 3534 954 3597 nisi
975 3533 1031 3617 qui
1053 3532 1160 3612 dabat,
1183 3554 1256 3617 quae

304 3637 506 3718 poscebatur.
550 3637 708 3701 Poseebat
726 3647 831 3701 autom
847 3638 904 3700 illa
928 3636 1060 3700 nimium
1088 3647 1254 3719 quantum.

305 3737 393 3800 Hinc
424 3749 534 3800 natum
563 3750 613 3802 est
648 3739 798 3821 frequens
827 3738 910 3802 illud
939 3737 1139 3823 proverbium
1169 3736 1256 3821 apud

304 3838 455 3902 Graecos:
492 3839 619 3902 Frustra
634 3838 707 3923 quis
723 3839 912 3904 Corinthum
934 3836 1037 3901 tendit
1052 3835 1094 3899 ad
1108 3836 1255 3913 Laidem,

304 3941 366 4003 nisi
390 3950 496 4025 queat,
520 3953 576 4004 aut
598 3941 673 4004 velit
696 3940 782 4018 dare,
804 3963 876 4024 quae
900 3940 1054 4022 poscitur.
1098 3938 1150 4001 Ad
1169 3938 1254 4002 hane

302 4043 357 4105 ille
387 4042 624 4106 Demosthenes
653 4043 800 4105 clanculo
830 4040 908 4118 adit,
931 4048 964 4102 et
992 4049 1028 4101 ut
1052 4038 1174 4122 copiam
1205 4036 1255 4100 sui

301 4143 431 4219 laceret,
445 4143 534 4226 petit.
578 4145 622 4206 At
636 4143 712 4206 Lais
732 4143 794 4206 boc
818 4151 975 4224 quantum
994 4137 1152 4223 poposcit,
1168 4133 1255 4218 quod

299 4245 449 4309 nostratis
463 4243 584 4306 nummi
606 4242 770 4307 denarium
794 4241 889 4306 saciat
910 4239 1017 4303 decies
1036 4237 1133 4311 mille,
1148 4252 1254 4314 aequa-

301 4358 415 4432 turque
454 4343 617 4409 medietati
659 4344 769 4408 talenti
808 4342 947 4426 majoris,
985 4336 1070 4420 quod
1107 4331 1255 4396 nostratis
