3550 5467
413 701 476 758 ‘249
670 706 806 754 roauurs
822 705 1113 752 sinnsnnnrnusrs
1202 691 1285 766 [cra.
1300 705 1360 750 rur

415 951 494 1034 Cap.
511 956 539 1013 8.
564 949 617 1011 De
625 949 766 1009 convivio
773 945 1002 1028 philosophico,
1016 948 1049 1008 ei
1060 946 1149 1027 quod
1157 952 1190 1009 et
1203 945 1292 1009 etrite
1299 964 1361 1006 cou-

500 1071 620 1114 narum
634 1057 700 1114 est:
725 1057 757 1112 et
771 1049 810 1112 dc
822 1048 1044 1130 sumptuariis
1058 1049 1184 1129 lepidus
1198 1053 1275 1130 q'us.

458 1163 488 1221 Α
504 1179 608 1222 c1v1n1
629 1157 669 1219 ad
686 1155 939 1242 philosophicum
962 1170 1174 1221 transeamus.
1220 1157 1306 1222 Licet
1318 1156 1361 1219 bis

413 1261 469 1346 qui
494 1280 598 1323 rerum
626 1257 835 1322 substantiam
862 1257 1081 1342 perspicacius
1106 1261 1283 1337 intuentur,
1302 1257 1362 1344 pbi-

413 1361 581 1448 losophicis
605 1359 711 1426 civilia
732 1358 901 1422 videantur
916 1379 987 1422 esse
1002 1382 1159 1423 connexa„
1209 1359 1358 1446 Siquidem

413 1462 614 1549 philosophia
644 1484 749 1525 rerum
779 1460 920 1522 omnium
946 1459 1158 1537 moderatrix,
1182 1483 1203 1524 a
1224 1461 1360 1525 conviviis

416 1587 477 1628 non
494 1579 598 1650 potest
614 1563 721 1626 abesse
741 1559 898 1634 civilibus,
915 1583 1018 1646 quum
1035 1560 1263 1625 nihilomnino
1275 1563 1361 1627 offici·

414 1671 518 1731 osium
538 1666 590 1741 sit,
609 1676 665 1728 aut
686 1662 787 1742 civile,
803 1661 889 1746 quod
907 1684 970 1725 non
992 1662 1047 1725 illa
1066 1676 1255 1748 pertractet.
1298 1668 1361 1751 lpas

415 1782 462 1833 est
477 1791 550 1853 quae
562 1765 716 1831 universis
730 1763 910 1850 praescribit
926 1762 1071 1839 modurn,
1087 1779 1121 1829 et
1137 1764 1219 1829 dum
1234 1767 1362 1851 disponit

415 1869 528 1944 officia,
543 1871 637 1931 etiam
655 1866 786 1953 plebeis,
797 1878 828 1928 et
844 1863 1034 1948 vulgaribus
1043 1865 1196 1930 iuteresse
1212 1866 1362 1953 dignatur.

417 1971 573 2056 Alioquin
591 1969 669 2033 nihil
685 1967 770 2032 aliud
786 1981 871 2030 recte
885 1967 1043 2053 procedit,
1060 1969 1121 2032 nisi
1136 1981 1169 2033 et
1186 1969 1257 2056 ipsa
1277 1970 1363 2035 rebus

413 2086 544 2145 asserat,
554 2070 642 2156 quod
656 2070 759 2132 verbis
771 2068 873 2131 docet.
919 2068 1007 2141 Quid
1020 2069 1104 2132 enim
1123 2072 1256 2155 prodest
1266 2073 1360 2137 verbis

414 2171 559 2234 inanibus
572 2171 724 2234 ventilare
733 2174 765 2234 in
779 2169 894 2233 sclrolis
907 2169 1034 2233 virtutis
1046 2172 1163 2249 officia,
1175 2174 1205 2238 si
1218 2196 1280 2236 non
1294 2176 1361 2239 acti·

415 2275 475 2335 bus
490 2286 521 2334 et
541 2272 605 2334 vita
620 2270 821 2335 solidentur?
847 2273 1007 2334 Dicuntur
1030 2286 1136 2336 tamen
1153 2299 1223 2339 esse
1238 2276 1362 2362 plebeis¹

414 2397 488 2460 quse
510 2372 550 2437 ad
565 2373 751 2436 modestiam
769 2375 874 2437 minus
897 2374 1105 2454 accedunt,et
1123 2380 1218 2463 quasi
1234 2380 1362 2466 philoso-

414 2476 499 2562 phiae
520 2475 623 2539 soluta
637 2474 761 2558 legibus
784 2475 824 2538 ab
840 2474 1140 2561 indisciplinatione,
1157 2493 1215 2545 ant
1237 2481 1362 2545 esuriem

414 2578 569 2642 invehunt
585 2600 604 2641 a
620 2577 784 2663 parcitate,
799 2591 855 2640 aut
871 2599 891 2639 a
906 2575 985 2640 luxu
1001 2591 1034 2640 et
1050 2579 1207 2645 ariditate
1222 2580 1363 2646 furorem.

417 2683 449 2745 Si
459 2680 546 2766 apud
559 2680 765 2744 Nasidienom
778 2680 919 2742 convivae
930 2681 1130 2757 conveniant,
1145 2683 1295 2749 sordidus
1305 2685 1363 2749 dis·

414 2784 512 2869 plicet
523 2798 705 2869 apparatus,
713 2781 1046 2866 domusinconrposita
1056 2787 1210 2849 susurriis
1219 2787 1364 2851 incrusta-

416 2900 481 2961 tur,
497 2899 529 2948 et
544 2885 675 2948 avaritia
685 2884 782 2961 itlius,
797 2882 852 2968 qui
865 2882 1008 2947 tricliniis
1023 2901 1152 2971 praeest,
1164 2890 1362 2953 convivarum

415 2989 586 3052 irrisoriam
601 3000 750 3071 provocat
762 2984 884 3069 gulam,
897 2998 932 3048 ut
947 3008 1050 3071 quum
1068 2988 1237 3075 Aliphauis
1251 2991 1364 3055 vinaria

415 3089 689 3164 totaiorertorint,
706 3091 968 3151 submurmurent
982 3087 1117 3153 invicem
1135 3091 1217 3157 illud
1234 3094 1364 3173 Horatii,

556 3206 623 3269 Nos,
635 3206 685 3256 nisi
697 3204 821 3256 damnose
833 3202 955 3268 bibimus,
968 3207 1107 3259 moriemur
1119 3207 1204 3261 inulti.

416 3304 490 3366 Hoc
512 3302 595 3365 enim
626 3299 727 3364 modis
755 3299 903 3363 omnibus
931 3303 1050 3385 agitur,
1073 3317 1109 3367 nt
1130 3305 1363 3390 paterfamilias,

411 3408 465 3468 cui
480 3409 621 3488 impensa
643 3402 726 3488 perit
748 3416 781 3465 et
802 3424 907 3487 opera,
923 3400 1156 3468 damnificetur.
1205 3405 1239 3471 Si
1262 3424 1363 3475 autent

412 3506 499 3590 apud
530 3505 696 3590 Cepheum
723 3503 955 3580 discumbatur,
977 3505 1142 3591 opulentia
1168 3524 1203 3574 et
1225 3510 1363 3577 deiectas

411 3610 542 3670 rationis
557 3609 597 3668 ad
619 3605 770 3668 insaniam
787 3607 903 3691 vergit,
918 3619 950 3670 et
972 3606 1122 3671 facillime
1138 3611 1176 3675 fit
1198 3634 1219 3674 a
1243 3614 1363 3678 Baccho

410 3729 580 3772 concursus
602 3706 642 3769 ad
667 3710 816 3772 Martem.
864 3713 935 3774 lloc
957 3713 1039 3774 enim
1063 3711 1095 3773 in
1120 3712 1242 3778 sabulis
1261 3719 1365 3800 expri-

410 3820 502 3871 munt
532 3806 586 3869 illa
615 3806 761 3870 convivia
791 3812 1038 3886 Centaurorum,
1067 3813 1122 3876 ubi
1154 3816 1275 3879 Bacchi
1305 3838 1363 3881 non

408 3920 530 3970 cessant
547 3929 689 3982 munera,
702 3906 802 3972 donec
817 3909 943 3975 eliciant
960 3913 1158 3996 sanguinem.
1199 3916 1282 3981 Haec
1295 3918 1363 4002 qui-

409 4013 479 4074 dem
497 4023 571 4074 sunt
587 4009 767 4095 vulgarium
782 4015 1002 4077 conviviorum
1023 4017 1225 4098 commercia,
1239 4034 1272 4084 et
1293 4041 1362 4106 que

408 4113 690 4201 philosophiaenon
703 4126 922 4199 temperantur
933 4114 1076 4179 arbitrio.
1113 4118 1203 4194 Quos
1213 4121 1241 4183 si
1253 4120 1362 4185 videris
1381 4154 1387 4163 ¹

408 4218 489 4280 citra
512 4215 696 4278 modestiam
719 4215 899 4294 convenire,
917 4239 977 4279 non
1003 4217 1169 4283 fabulosos
1189 4223 1362 4288 Centauros

408 4318 511 4395 crede,
525 4317 577 4380 sed
593 4340 692 4380 veros.
731 4317 876 4382 Semiferi
892 4319 973 4383 enim
992 4336 1077 4401 sunt,
1089 4337 1120 4386 ct
1137 4347 1217 4388 auro
1234 4326 1361 4412 spiritus
