3550 5467
520 714 562 772 62
778 725 919 771 suenrus
936 725 1214 772 sanusnneucssrs
1333 708 1415 786 [cru.
1434 728 1474 772 vr.

521 888 671 962 corrupta
685 877 770 963 apud
785 879 905 956 Deum,
915 879 967 940 his
982 878 1136 962 reperitur
1149 877 1292 959 indigna.
1327 879 1379 941 Tu
1390 900 1476 961 ergo,

521 979 577 1064 qui
599 979 633 1043 id
655 979 756 1043 habes
779 978 889 1059 officii,
911 1001 1017 1063 quaere
1040 991 1073 1043 et
1095 979 1198 1043 insere
1221 980 1370 1057 humiles,
1386 1000 1475 1043 vanae

521 1080 632 1163 gloriae
647 1080 836 1165 etpeeuniae
852 1090 1100 1163 contemptores.
1145 1080 1211 1144 Sed
1227 1082 1322 1145 timeo
1332 1102 1386 1160 nc,
1401 1081 1476 1145 dum

519 1183 624 1267 pergis
638 1203 779 1268 quaerere
795 1205 868 1266 quae
883 1183 942 1259 cis,
959 1184 1000 1246 ab
1015 1181 1220 1265 imprudente
1244 1181 1349 1246 amico
1364 1183 1477 1247 audias

520 1305 593 1366 quae
614 1305 679 1347 nou
701 1283 758 1347 vis.
803 1283 891 1356 Quid
912 1294 962 1347 est
981 1294 1071 1367 pater
1086 1282 1173 1366 quod
1194 1284 1325 1347 aliomm
1343 1283 1476 1349 discutis

519 1385 628 1462 vitam,
656 1395 689 1449 et
718 1396 749 1448 te
779 1385 885 1469 ipsum
916 1385 1045 1448 minime
1075 1381 1308 1468 perscrutaris?
1354 1385 1475 1448 Omnes

519 1487 721 1573 applaudunt
743 1486 815 1564 tibi,
835 1498 925 1570 pater
947 1488 1090 1551 omnium
1114 1486 1239 1550 vocaris
1260 1497 1292 1550 et
1315 1485 1478 1552 dominus,

520 1600 553 1652 et
574 1589 672 1673 capiti
694 1600 749 1653 tuo
770 1586 951 1652 infunditur
964 1609 1059 1652 omne
1074 1590 1179 1652 oleum
1203 1587 1396 1671 peccatoris.
1442 1582 1476 1648 Si

522 1711 599 1773 ergo
620 1701 710 1774 pater
728 1712 775 1768 es,
790 1711 887 1775 quare
910 1688 1020 1752 sfiliis
1042 1710 1175 1752 munera
1196 1699 1229 1751 et
1252 1688 1479 1751 retributiones

522 1789 700 1875 expectas?
738 1792 773 1856 Si
790 1791 950 1868 dominus,
965 1813 1064 1874 quare
1079 1791 1235 1854 Romanis
1250 1789 1315 1853 tuis
1329 1789 1475 1852 timorem

521 1916 589 1959 non
611 1893 740 1968 incutis,
754 1904 787 1955 et
806 1893 982 1955 temeritate
1001 1914 1154 1974 repressa,
1169 1914 1225 1955 eos
1240 1891 1280 1954 ad
1297 1890 1394 1953 fidem
1410 1913 1476 1954 non

521 1994 677 2058 moces?
713 1993 757 2055 At
784 1993 898 2054 urbem
927 1993 976 2053 vis
1006 1993 1166 2055 Ecclesiae
1197 1993 1260 2054 tuis
1291 1992 1478 2054 muneribus

521 2112 718 2158 conservare.
763 2091 923 2174 Nunquid
950 2112 1021 2155 earn
1047 2093 1094 2154 sie
1117 2087 1267 2153 Silvester
1290 2093 1478 2156 muneribus

521 2189 712 2275 acquisivit?
736 2192 775 2252 ln
790 2189 877 2252 invio
894 2201 985 2272 pater
999 2211 1046 2267 es,
1057 2201 1090 2253 et
1104 2212 1168 2253 nou
1184 2192 1217 2251 in
1234 2191 1293 2252 ria.
1341 2191 1476 2254 Eisdem

520 2304 571 2357 est
599 2290 817 2355 conservanda
852 2291 1050 2369 muneribus,
1080 2293 1198 2376 quibus
1228 2303 1278 2354 est
1307 2294 1476 2375 acquisita.

521 2391 618 2467 Quod
643 2391 741 2474 gratis
765 2392 930 2475 accepisti,
953 2392 1053 2475 gratis
1079 2386 1164 2456 date.
1209 2393 1340 2457 Justitia
1366 2395 1477 2474 regina

521 2493 671 2557 virtutum
696 2502 755 2570 est,
779 2505 812 2555 et
836 2494 997 2557 erubescit
1022 2495 1136 2578 quovis
1166 2495 1268 2578 pretio
1294 2496 1475 2578 permutari.

522 2594 564 2661 Si.
578 2594 716 2675 gratiosa
729 2594 833 2657 futura
847 2605 908 2670 est,
923 2596 965 2658 sit
979 2596 1125 2677 gratuita.
1171 2597 1385 2680 Nequaquam
1402 2617 1474 2679 pro-

521 2695 672 2760 stituatur
700 2694 741 2758 ad
778 2694 928 2777 pretinm,
957 2717 1029 2780 qua>
1059 2697 1220 2780 corrumpi
1254 2717 1319 2759 nou
1357 2706 1477 2780 potest.

524 2799 656 2878 Integra
683 2808 741 2875 est,
772 2808 804 2860 et
832 2818 959 2880 semper
988 2800 1180 2882 incorrupta.
1238 2799 1323 2861 Dum
1354 2798 1476 2881 premis

521 2900 613 2976 alios,
634 2910 667 2962 et
688 2908 723 2960 tu
745 2898 871 2980 gravius
894 2899 1094 2982 opprimeris.
1150 2899 1237 2963 Risit
1261 2897 1423 2975 Pontifex,
1445 2909 1478 2961 et

523 3010 620 3062 tantae
643 2998 881 3077 congratulatus
903 3010 953 3061 est
974 2999 1123 3075 libertati,
1136 2999 1331 3083 praecipicns
1345 3007 1381 3061 ut
1396 3019 1475 3081 quo·

523 3099 607 3163 tiens
621 3097 782 3161 sinistrum
794 3097 916 3180 aliquid
929 3097 970 3161 de
982 3099 1053 3182 ipso
1066 3101 1146 3162 meis
1159 3101 1290 3163 auribus
1303 3100 1478 3176 insonaret,

524 3201 588 3265 hoe
602 3200 632 3264 ei
646 3199 714 3263 sine
726 3219 815 3262 mora
826 3200 1023 3264 nunciarem.
1069 3203 1114 3264 Et
1129 3201 1375 3286 quamplurima
1389 3222 1476 3265 nunc

524 3323 582 3387 pro
597 3322 642 3378 se,
658 3319 744 3362 nunc
760 3309 872 3362 contra
886 3322 922 3363 se
937 3301 1166 3384 respondisset,
1178 3303 1349 3386 apologum
1366 3302 1476 3386 hujus-

523 3402 611 3468 modi
627 3400 704 3463 mihi
721 3402 895 3482 proposuit
943 3403 996 3464 Ait
1011 3423 1106 3485 ergo:
1130 3403 1259 3468 Accidit
1274 3418 1309 3467 ut
1323 3403 1477 3467 advorsus

524 3499 723 3567 stomachum
743 3502 887 3565 membra
907 3503 1016 3567 omnia
1036 3505 1133 3570 totius
1153 3507 1297 3591 corporis
1312 3505 1476 3589 conspira-

524 3613 605 3680 rent,
618 3613 771 3685 tanquam
787 3600 939 3666 adrersus
954 3625 1027 3668 eum
1044 3607 1098 3690 qui
1115 3608 1287 3670 voracitate
1307 3627 1366 3669 sna
1385 3606 1476 3668 labo-

523 3726 574 3769 res
598 3701 741 3767 omnium
766 3703 956 3769 exhauriret.
1002 3709 1078 3770 Non
1105 3711 1238 3773 satiatur
1260 3709 1374 3772 oculus
1396 3708 1478 3782 risu,

524 3826 584 3870 nec
600 3803 686 3868 auris
700 3802 823 3882 auditu,
838 3805 1000 3872 laboribus
1015 3810 1166 3873 insistunt
1181 3829 1306 3885 manus,
1320 3805 1420 3891 pedes
1435 3806 1477 3869 ab

523 3907 635 3971 itinere
657 3905 774 3969 callum
800 3904 948 3987 induunt,
972 3910 1107 3994 ipsaque
1132 3911 1243 3992 lingua
1269 3907 1387 3971 utiliter
1412 3927 1477 3968 ser-

524 4029 650 4074 monem
680 4020 712 4071 et
742 4003 904 4071 silentium
939 4010 1128 4074 moderatur.
1189 4011 1305 4074 Omnia
1335 4009 1476 4092 denique

524 4113 666 4177 membra
691 4109 828 4192 publicis
859 4111 1028 4192 invigilant
1054 4111 1244 4192 commodis,
1269 4125 1302 4176 ct
1326 4114 1359 4176 in
1387 4123 1477 4176 tanta

524 4210 728 4277 solicitudine
745 4209 886 4272 omnium
903 4223 935 4274 et
955 4213 1074 4288 labore,
1090 4215 1177 4277 solus
1193 4215 1331 4297 quiescit
1347 4227 1476 4290 venter3

526 4325 556 4374 et
580 4333 676 4395 quum
698 4310 805 4372 omnia
828 4323 936 4393 parata
961 4314 1074 4376 iruerint
1099 4338 1171 4397 qum
1195 4319 1285 4380 labor
1306 4316 1475 4399 multiplex
