3550 5467
505 727 545 788 ⁷4
760 738 896 785 romnis
912 737 1192 787 samsuamnmrs
1315 722 1397 803 [um.
1415 740 1458 789 vr.

504 906 627 978 putare,
643 904 677 957 et
692 891 824 976 perinde
838 903 874 957 ut
893 914 944 956 res
959 905 1018 971 est,
1033 893 1193 971 admirari,
1207 916 1263 958 cur
1278 917 1343 959 non
1359 897 1456 961 etiam

502 997 644 1059 animum
660 1015 753 1058 suum
771 995 893 1058 ratione
915 996 1078 1059 excolant.
1123 997 1204 1069 Quae
1226 996 1357 1079 quidem
1373 999 1455 1062 ratio

500 1096 638 1176 vivendi,
668 1096 817 1159 omnibus
854 1118 946 1180 aque
976 1098 1155 1161 necessaria
1191 1110 1250 1175 est,
1279 1120 1345 1161 non
1374 1102 1455 1163 ratio

500 1198 666 1283 pingendi,
681 1219 741 1261 nec
762 1198 842 1260 ratio
858 1198 1028 1282 psallendi,
1043 1220 1124 1281 quus
1143 1201 1249 1284 quivis
1263 1202 1369 1264 bonus
1383 1200 1453 1265 sine

498 1302 564 1364 ulla
577 1301 674 1363 animi
689 1300 931 1382 vituperatione,
946 1300 1016 1364 sine
1032 1301 1240 1384 turpitudine,
1256 1303 1325 1365 sine
1343 1305 1452 1367 labore

498 1400 736 1483 contempserit.
781 1401 904 1464 Nescio
931 1411 967 1465 ut
989 1399 1184 1465 Sibimenias
1214 1403 1301 1466 tibiis
1324 1426 1450 1479 canere,

498 1502 556 1565 aed
580 1523 644 1566 nou
669 1500 770 1584 pudet
791 1521 842 1563 me
865 1500 1034 1564 tibicinem
1056 1523 1121 1565 non
1144 1523 1223 1566 esse.
1269 1505 1390 1569 Nescio
1416 1518 1452 1570 ut

495 1603 624 1687 Apelles
650 1602 812 1667 coloribus
840 1601 982 1685 pingere,
1007 1601 1152 1666 sednon
1181 1603 1283 1688 pudet
1304 1627 1356 1669 me
1382 1629 1448 1670 non

496 1727 567 1770 esso
596 1705 788 1788 significum.
847 1705 894 1767 Et
930 1703 1016 1767 idem
1046 1705 1080 1767 in
1110 1706 1232 1769 caeteris
1261 1708 1392 1786 artibus,
1421 1709 1449 1771 si

496 1829 608 1872 omnes
645 1827 827 1890 persequar,
863 1805 940 1869 licet
976 1806 1035 1869 tibi
1071 1807 1205 1885 nescire,
1241 1829 1300 1873 nec
1337 1809 1449 1892 pudet

495 1909 672 1972 Enimvero
688 1907 742 1971 dic
764 1906 870 1983 sodes,
884 1906 997 1969 nescio
1017 1908 1100 1969 bene
1117 1907 1219 1970 rivere
1241 1920 1276 1971 nt
1290 1909 1449 1989 Socrates,

495 2019 532 2075 ut
559 2011 663 2087 Plato,
691 2018 728 2071 ut
756 2009 954 2091 Pythagoras
984 2008 1141 2086 vixemnt,
1169 2031 1229 2072 nec
1260 2011 1363 2093 pudet
1396 2035 1449 2077 me

493 2111 618 2175 nescire
640 2111 723 2172 bene
739 2109 852 2171 virere.
899 2109 1074 2190 Nunquam
1096 2108 1159 2172 hoc
1179 2108 1285 2172 dicere
1299 2112 1447 2178 audebis.

493 2211 558 2276 Sed
579 2209 736 2293 imprimis
761 2208 943 2272 mirandum
965 2216 1024 2287 est,
1047 2209 1132 2295 quod
1156 2231 1195 2273 ea
1216 2232 1288 2294 quae
1311 2213 1447 2279 minime

493 2313 601 2376 volunt
624 2309 757 2387 nescire,
780 2308 904 2374 discere
926 2321 1031 2374 tamen
1052 2313 1230 2393 negligsmt,
1246 2324 1279 2376 et
1297 2313 1445 2396 ejusdem

492 2415 569 2479 artis
597 2413 691 2476 simul
722 2411 925 2496 disciplinam
951 2425 984 2477 et
1012 2415 1222 2496 ignorantiam
1253 2415 1444 2482 detrectant.

492 2514 594 2597 Igitur
607 2513 793 2598 quotidiana
812 2534 921 2577 eorum
941 2535 1005 2578 aera
1022 2515 1222 2598 dispungas5
1248 2528 1282 2580 et
1300 2517 1444 2582 invenies

489 2617 525 2680 in
553 2615 731 2680 rationibus
759 2616 859 2679 multa
887 2614 1021 2699 prodige
1050 2618 1189 2699 profusa,
1218 2631 1251 2680 et
1278 2618 1312 2679 in
1341 2632 1443 2683 semet

489 2719 589 2783 nihil:
623 2719 656 2780 in
674 2719 726 2781 sui
743 2717 817 2781 dico
836 2716 992 2782 doemonis
1011 2721 1144 2797 cultum,
1168 2719 1225 2804 qui
1248 2720 1354 2783 cultus
1376 2743 1442 2784 non

488 2820 575 2885 aliud
605 2842 701 2906 quam
730 2819 944 2903 philosophiae
974 2832 1207 2884 sacramentum
1238 2833 1294 2884 est
1340 2822 1441 2886 Plane

488 2921 620 3007 quidem
641 2922 734 2985 villas
756 2922 886 3005 opipare
910 2932 1074 2998 extruunt,
1096 2930 1130 2984 et
1151 2921 1263 2985 domos
1286 2921 1441 2985 ditissime

487 3035 658 3099 exornant,
696 3033 729 3086 et
764 3022 903 3086 familias
937 3023 1198 3086 numerosissime
1241 3036 1440 3106 comparant

488 3124 554 3190 Sed
568 3126 601 3189 in
621 3125 692 3189 istis
712 3125 872 3203 omnibus,
885 3124 919 3187 in
939 3133 1029 3188 tanta
1045 3124 1208 3187 affluentia
1222 3145 1338 3201 rerum,
1356 3125 1439 3189 nihil

486 3236 546 3307 est,
560 3236 773 3311 praeterquam
791 3225 940 3289 dominus
956 3227 1037 3310 ipse,
1051 3226 1252 3309 pudendum.
1297 3228 1370 3290 Nec
1385 3228 1435 3290 in·

480 3328 575 3414 juria.
614 3328 786 3392 Cumulata
800 3327 886 3389 enim
901 3327 1032 3403 habent,
1045 3349 1118 3411 quae
1132 3327 1243 3391 sedulo
1259 3331 1435 3411 percolunt

485 3431 554 3515 Ipsi
582 3442 686 3493 autom
716 3427 846 3504 sordidi,
868 3427 1002 3506 indocti,
1023 3429 1200 3513 incultique
1228 3431 1435 3494 circumeunt

484 3532 586 3614 Igitur
613 3530 686 3592 illas
715 3530 852 3611 species,
881 3529 916 3592 in
946 3552 1026 3614 quas
1056 3531 1248 3614 patrimonia
1275 3551 1333 3593 sua
1361 3551 1435 3613 pro·

482 3632 644 3708 fuderunt,
665 3631 907 3709 amoenissimas,
934 3645 967 3695 et
996 3633 1259 3708 extructissimas,
1282 3641 1315 3694 et
1343 3653 1436 3697 orna·

482 3732 621 3798 tissimus
636 3732 869 3817 deprehendas,
884 3733 976 3797 villas
991 3736 1122 3797 aemulas
1137 3735 1262 3797 urbium
1277 3731 1437 3812 conditas,

482 3835 595 3898 domos
621 3835 691 3898 vice
710 3837 902 3918 templorum
924 3847 1104 3913 exornatas,
1126 3835 1261 3898 familias
1286 3856 1435 3898 numero·

481 3936 635 4014 sissimas,
660 3950 692 4000 et
721 3937 961 4014 calamistratas,
991 3937 1157 4022 opiparam
1188 3937 1433 4020 supellectilem,

481 4039 589 4102 omnia
606 4037 781 4115 affluentia,
799 4039 907 4102 omnia
933 4054 1044 4102 ornata
1064 4050 1176 4122 praeter
1200 4040 1308 4121 ipsum
1330 4040 1434 4103 domi-

480 4162 578 4205 nnm:
610 4141 665 4225 qui
685 4143 785 4218 solus,
799 4140 929 4204 Tantali
950 4141 1030 4218 vice,
1045 4141 1077 4202 in
1099 4141 1166 4203 suis
1186 4139 1306 4204 divitiis
1326 4143 1434 4226 inops,

479 4262 588 4325 egens,
603 4264 733 4327 pauper,
749 4264 814 4305 non
837 4242 966 4326 quidem
983 4243 1135 4306 fluentem
1155 4242 1246 4304 illum
1263 4242 1431 4323 fugitivum

479 4356 643 4427 caputet
664 4345 785 4408 fallacis
808 4344 902 4410 undae
924 4344 1020 4422 sitim,
1036 4342 1094 4407 sed
1108 4363 1189 4406 verre
1211 4344 1433 4423 beatitudinis,
