3550 5467
278 772 349 820 cnr.
365 758 405 837 1.]
641 775 890 821 eonrculmcus.
1195 766 1237 826 83

275 927 420 991 demicos
434 948 504 1011 pree
521 929 645 993 caeteris
660 930 787 1011 placeat
797 930 923 1008 imitari,
936 951 1039 993 sermo
1051 933 1233 996 succinctus

275 1029 409 1111 aperiet.

276 1315 362 1398 Cap.
382 1320 408 1379 l.
434 1315 530 1383 Quod
555 1314 744 1379 Academici
772 1317 976 1382 modestiores
993 1320 1129 1402 suerint
1154 1319 1233 1381 aliis

321 1414 541 1498 Philosophia
566 1437 644 1500 quos
666 1418 832 1479 temeritas
852 1421 1038 1495 excecavit,
1057 1426 1094 1480 ut
1115 1419 1232 1480 daren-

321 1526 380 1581 tur
393 1520 431 1581 ta
445 1516 617 1599 reprobum
631 1538 768 1581 sensum.

323 1658 496 1723 Aurmuos
524 1651 654 1735 quidem
679 1651 891 1735 philosophos
917 1653 1061 1715 floruisse
1086 1650 1234 1734 ingeniis,

275 1767 311 1821 et
325 1756 434 1820 studio
453 1754 637 1838 profecisse,
646 1752 714 1837 jam
738 1774 803 1816 non
824 1754 961 1815 celebris
977 1753 1087 1835 opinio
1103 1764 1162 1831 est,
1177 1753 1233 1817 sed

279 1858 433 1922 omnibus
455 1856 490 1919 in
516 1877 686 1920 commune
713 1875 866 1939 persuasa
896 1855 1063 1918 sententia.
1108 1855 1157 1918 Ad
1183 1876 1233 1918 res

278 1959 367 2021 euim
390 1979 433 2021 ex
458 1969 573 2020 natura
597 1956 661 2018 fere
690 1956 1045 2038 incomprehensibiles,
1068 1955 1174 2018 studio
1203 1968 1236 2019 et

277 2060 509 2123 exercitatione
539 2058 622 2120 viam
652 2054 713 2119 sibi
743 2057 817 2120 fecit
844 2057 1018 2139 ingenium,
1047 2069 1080 2120 et
1107 2058 1232 2120 illorum

278 2158 443 2222 beneficio
472 2159 608 2242 plurima
636 2157 800 2239 publicata
832 2170 906 2220 suut
942 2158 1085 2240 posteris,
1117 2159 1233 2241 quibus

277 2260 456 2342 gaudemus
481 2270 515 2322 et
541 2260 689 2321 miramur
713 2259 862 2322 inventis,
908 2259 1067 2322 Mundum
1096 2259 1233 2323 dimensi

278 2375 368 2439 sunt,
383 2363 502 2425 coelum
525 2361 591 2424 suis
614 2361 731 2442 regulis
753 2361 966 2445 subjecerunt,
987 2373 1108 2425 naturae
1132 2363 1233 2426 vanas

278 2463 412 2528 scrutati
434 2476 507 2526 sunt
531 2483 655 2540 causas,
670 2474 703 2526 ct
723 2463 935 2526 universitatis
958 2464 1118 2545 opificem,
1136 2463 1232 2526 defre-

278 2563 364 2627 catis
378 2562 517 2646 quodam
533 2562 630 2626 modo
653 2577 726 2626 siant
744 2565 847 2626 oculis
866 2565 1087 2644 contemplati.
1133 2565 1235 2635 Quasi

278 2686 357 2746 ergo
384 2665 468 2726 mole
495 2665 656 2744 Gigantea
679 2665 835 2741 subvecti,
857 2665 976 2747 etjam
999 2686 1063 2725 uon
1088 2665 1233 2727 humanis

278 2763 402 2828 viribus
424 2764 575 2837 roborati,
595 2763 821 2840 intumuerunt,
841 2762 1093 2845 indixeruntque
1113 2764 1234 2825 bellum

279 2866 390 2947 gratie
414 2865 489 2940 Dei,
505 2864 546 2928 de
569 2864 677 2946 vigore
697 2865 829 2927 rationis
849 2861 949 2926 libero
965 2863 1079 2926 confisi
1095 2864 1234 2937 arbitrio,

280 2985 318 3029 ac
334 2966 362 3028 ei
377 2965 556 3029 secuudum
571 2965 708 3039 fabulas,
720 2978 827 3027 essent
837 2965 920 3027 coelo
932 2964 1059 3046 captivo
1075 2964 1235 3041 virtutum,

281 3067 400 3150 quibus
421 3068 644 3142 efferebantur,
658 3067 791 3129 brachia
811 3065 968 3150 injecturi.
1014 3065 1142 3148 Dejecti
1161 3076 1236 3128 sunt

281 3167 390 3253 itaque
405 3166 483 3231 dum
498 3170 717 3243 allevarentur,
726 3179 759 3230 et
770 3167 916 3230 dicentes
927 3189 961 3229 se
977 3188 1047 3229 esse
1063 3167 1235 3248 sapientes,

281 3270 373 3332 stulti
401 3270 479 3332 facti
509 3282 599 3345 sunt;
621 3282 654 3332 et
682 3271 886 3332 obscuratum
916 3280 966 3332 est
993 3267 1151 3350 insipiens
1181 3288 1236 3330 cor

281 3389 403 3446 eorum,
414 3380 449 3432 ut
463 3370 520 3453 qui
535 3369 720 3431 omniafere
735 3379 955 3451 pernoverant,
966 3364 1235 3451 perniciosissime

281 3481 423 3533 errarem
443 3471 476 3533 iu
500 3472 667 3547 maximis3
690 3480 724 3533 et
741 3471 835 3533 variis
849 3470 994 3534 distracti
1017 3470 1235 3555 opinionibus,

281 3572 379 3636 etiam
411 3574 543 3636 numina
571 3574 760 3654 ignorarent.
806 3573 842 3636 Si
871 3575 923 3637 cui
954 3595 1027 3636 vero
1056 3573 1235 3637 fabularum

281 3672 493 3738 instrumenta
515 3675 671 3737 vilescunt
692 3673 783 3754 (licet
803 3686 836 3738 et
855 3677 896 3738 ab
919 3675 1011 3739 hoste
1027 3675 1136 3739 doceri
1150 3678 1235 3761 sapi·

280 3774 364 3838 entis
383 3775 512 3838 animus
527 3797 594 3838 non
609 3775 773 3854 detrectet,
789 3799 888 3860 quum
907 3777 1077 3859 peculiaris
1097 3781 1236 3861 populus

283 3874 344 3939 Dei
373 3896 464 3953 auro,
493 3887 635 3956 argento,
665 3877 818 3948 vestibus,
847 3889 879 3941 et
907 3888 976 3942 toto
1009 3879 1235 3961 AEgyptiorum

283 3988 395 4042 ornatu
411 3978 640 4061 resplendeat.)
684 3979 719 4043 Si
735 3981 912 4059 gentilium,
926 3982 1070 4065 inquam,
1085 3981 1237 4062 figmenta

282 4078 453 4155 vilescunt,
480 4079 527 4143 sic
553 4080 630 4144 dum
656 4081 689 4144 in
716 4103 832 4164 campo
860 4081 1003 4146 Sennaar
1032 4082 1238 4145 fundamenta

284 4180 462 4265 Babylonis
472 4180 555 4264 jacit
568 4181 727 4266 impietas,
742 4181 819 4245 dum
834 4185 928 4246 turris
941 4183 1098 4258 elationis,
1113 4193 1146 4243 et
1159 4202 1235 4244 con-

284 4281 482 4346 tradictionie
504 4282 654 4345 machina
675 4283 710 4344 in
730 4284 849 4346 coelum
864 4285 1005 4365 erigitur,
1020 4281 1060 4344 de
1076 4281 1141 4341 allo
1156 4300 1236 4362 prae·

282 4380 382 4467 cipitii
397 4403 418 4446 a
434 4381 508 4445 Deo
522 4380 607 4445 sacta
621 4394 671 4446 est
680 4382 858 4463 linguarum
873 4382 997 4457 divisio,
1012 4381 1236 4460 subtractoque

732 4488 790 4545 ct
