3550 5467
404 769 471 812 cae.
487 751 610 830 retur]
781 767 1036 812 roarcnarrcus.
1304 752 1363 812 185

406 917 573 983 manifeste
597 918 726 981 videtur
741 916 920 1002 exprimere
941 929 1056 981 sectum
1080 916 1229 1002 temporis
1252 918 1363 992 nostri,

406 1026 572 1086 hominum
597 1021 728 1098 scilicet,
743 1021 800 1106 qui
823 1020 1028 1102 irregularem
1044 1019 1204 1104 quandam
1222 1024 1365 1103 regulam

408 1123 614 1209 profitentur,
629 1146 711 1210 quos
733 1145 772 1185 an
793 1146 835 1186 ex
852 1121 956 1186 verbis
980 1123 1048 1207 ejus
1063 1121 1164 1206 possis
1182 1143 1364 1205 agnoscere,

412 1225 488 1289 audi
503 1225 586 1311 quid
607 1222 815 1288 incontinenti
839 1223 1025 1309 subjungat.
1066 1222 1229 1306 Alioquin,
1252 1221 1368 1306 inquit,

409 1325 583 1390 ridiculum
600 1340 634 1390 et
656 1325 783 1412 plenum
805 1323 969 1387 dedecoris
990 1337 1050 1401 est,
1066 1324 1183 1389 referto
1205 1323 1368 1409 marsupio

409 1427 496 1513 quod
513 1426 682 1491 sudarium
698 1441 729 1490 et
746 1425 885 1490 orarium
901 1447 963 1488 non
980 1424 1095 1488 habeas
1109 1424 1248 1510 gloriari.
1283 1428 1366 1490 Sunt

411 1532 466 1614 qui
483 1529 683 1614 pauperibus
696 1550 807 1615 parum
825 1526 983 1603 tribuunt,
997 1539 1032 1590 ut
1048 1526 1184 1611 amplius
1198 1526 1367 1613 accipiant,

412 1645 444 1695 et
459 1630 523 1695 sub
543 1643 706 1716 praetextu
721 1628 929 1714 eleemosynae
951 1642 1101 1714 quaerunt
1116 1626 1264 1700 divitias;
1297 1649 1369 1712 quas

414 1730 516 1816 magis
532 1730 659 1794 venatio
673 1729 865 1817 appellanda
881 1741 941 1805 est,
957 1749 1053 1815 quam
1069 1727 1276 1814 eleemosyna.
1317 1729 1370 1792 Sic

413 1833 535 1908 bestiae,
552 1831 596 1894 sic
612 1855 696 1907 aves,
714 1831 758 1895 sic
770 1831 944 1918 capiuntur
959 1845 989 1895 et
1011 1830 1122 1916 pisces.
1154 1829 1286 1896 Modica
1299 1853 1370 1895 esca

413 1939 444 2000 in
462 1937 558 1999 barno
574 1936 717 2019 ponitur,
729 1948 765 1999 ut
782 1934 814 1997 in
830 1958 868 1997 eo
884 1948 1099 1999 matronarum
1115 1932 1231 1998 sacculi
1247 1949 1370 2020 protra-

415 2039 547 2102 hantur.
577 2039 638 2100 Est
656 2036 769 2121 utique
784 2034 899 2098 melius
919 2056 982 2098 non
998 2035 1115 2099 habere
1130 2034 1218 2121 quod
1235 2033 1368 2110 tribuas,

416 2162 513 2226 quam
543 2154 580 2202 ut
607 2137 730 2202 tribuas
757 2151 865 2223 petere
895 2137 1108 2222 impudenter.
1148 2137 1220 2201 Non
1252 2138 1369 2202 habent

416 2240 531 2303 fratres
552 2238 735 2323 hospitales,
753 2239 802 2301 vel
817 2239 870 2302 alii
886 2238 974 2324 qnod
991 2239 1042 2302 bic
1061 2239 1101 2302 de
1117 2262 1166 2302 me
1182 2253 1369 2324 querantur.

417 2345 480 2418 Qui
496 2341 582 2404 enim
603 2341 670 2403 baec
693 2338 846 2424 loquitur,
861 2338 972 2405 doctor
987 2340 1138 2406 Ecclesiae
1160 2354 1219 2419 est,
1235 2354 1267 2406 et
1288 2342 1370 2406 forte

417 2443 455 2507 ad
487 2467 542 2507 eos
569 2442 788 2528 Hieronymus
816 2464 878 2504 non
910 2444 1057 2526 respexit.
1098 2443 1174 2529 lpsi,
1205 2443 1279 2509 licet
1311 2468 1371 2529 ego

419 2546 571 2620 noverim,
589 2558 743 2608 noverunt
762 2543 904 2629 regulam
920 2568 1021 2609 suam.
1060 2546 1144 2609 Novi
1160 2561 1264 2610 tamen
1281 2569 1372 2630 regu-

419 2646 479 2711 lam
498 2646 654 2722 veritatis,
669 2669 733 2731 qua
748 2646 824 2709 mihi
840 2657 976 2722 constat,
989 2647 1064 2730 quia
1079 2646 1190 2731 religio
1205 2646 1326 2710 munda
1340 2659 1372 2711 et

419 2747 624 2813 immaculata
642 2748 729 2835 apud
755 2749 858 2811 Deum
875 2761 907 2811 ct
931 2762 1065 2833 patrem,
1082 2748 1149 2811 haec
1171 2763 1230 2826 est,
1246 2748 1373 2812 visitare

421 2850 562 2936 pupillos
576 2863 609 2913 et
625 2848 738 2913 viduas
757 2850 789 2912 in
806 2849 1010 2915 tribulatione
1032 2873 1155 2929 eorum,
1168 2866 1201 2914 et
1222 2850 1373 2913 immacu·

420 2951 520 3015 latum
537 2974 570 3014 se
584 2950 745 3014 custodire
766 2951 882 3014 abhoc
898 2953 1013 3016 seculo.
1051 2956 1132 3017 Haec
1147 2967 1253 3016 autem
1269 2949 1374 3038 politi-

422 3075 531 3116 corum
547 3052 689 3115 omnium
706 3067 770 3116 est:
800 3067 832 3116 et
848 3054 928 3117 bene
943 3077 1014 3119 cum
1037 3055 1107 3119 istis
1122 3054 1240 3139 agitur,
1257 3054 1282 3117 si
1304 3077 1374 3120 eam

421 3161 559 3227 fideliter
574 3175 710 3225 servant.
748 3165 848 3227 Porro
863 3162 895 3224 in
912 3186 999 3226 sacro
1016 3164 1085 3227 ocio
1101 3167 1162 3228 Dei
1177 3164 1375 3250 degentium,

423 3267 566 3348 regulam
581 3263 613 3325 in
630 3284 663 3325 se
675 3263 831 3348 propheta
845 3264 1008 3348 exprimit,
1019 3265 1139 3331 dicens:
1165 3266 1374 3331 Providebam

425 3365 598 3429 Dominum
611 3365 643 3428 in
656 3379 827 3450 conspectu
840 3387 910 3428 meo
922 3389 1055 3452 semper,
1065 3372 1214 3453 quoniam
1228 3368 1378 3435 adextris

423 3480 469 3529 est
486 3466 564 3529 mihi
581 3489 620 3529 ne
634 3489 852 3539 commoveam
881 3482 1011 3553 propter
1025 3468 1085 3532 hoc
1104 3469 1245 3535 laetatum
1261 3484 1307 3535 est
1323 3494 1377 3534 cor

425 3590 542 3634 meum.
579 3571 625 3632 Et
640 3568 746 3632 Maria
760 3585 909 3655 exempta
924 3594 942 3633 a
963 3571 1076 3652 turbis,
1090 3587 1121 3636 ct
1141 3573 1172 3636 in
1189 3573 1375 3658 Evangelio,

425 3669 536 3733 sedens
548 3692 639 3732 secus
648 3669 748 3755 pedes
764 3671 893 3735 Domini
907 3686 941 3736 ut
954 3672 1077 3738 audiret
1089 3676 1219 3740 verbum
1229 3677 1309 3762 ejus.
1334 3681 1378 3743 At

425 3781 458 3833 ut
474 3770 514 3834 de
528 3769 716 3854 Hypocritis
732 3794 836 3834 sermo
850 3771 1024 3849 claudatur,
1037 3774 1114 3860 quid
1130 3776 1241 3841 beatus
1256 3779 1279 3839 J
1281 3778 1322 3840 ob
1337 3777 1378 3842 de

426 3871 473 3934 his
487 3871 672 3955 pronunciet
685 3871 867 3957 proferatur
878 3871 908 3934 in
920 3873 1067 3938 medium.
1095 3877 1177 3954 Hoc,
1186 3875 1301 3962 inquit,
1315 3879 1379 3943 scio

426 4001 445 4039 a
468 3975 637 4061 principio,
658 3996 696 4038 ex
718 3998 783 4060 qno
805 3973 927 4058 positus
948 3989 996 4039 est
1020 3977 1114 4039 bomo
1133 4000 1227 4063 super
1250 3994 1378 4054 terram,

427 4077 511 4163 quod
527 4078 598 4142 laus
612 4077 781 4162 impiorum
801 4075 905 4140 brevis
921 4077 973 4153 sit,
989 4092 1020 4140 et
1035 4078 1187 4162 gaudium
1205 4080 1379 4164 hypocritae

426 4179 567 4242 adinstar
583 4178 703 4262 puncti.
735 4179 769 4242 Si
788 4177 961 4242 ascenderit
980 4180 1124 4263 usquein
1142 4178 1255 4244 coelum
1273 4199 1381 4260 super-

428 4280 479 4344 bia
500 4281 581 4364 ejus,
598 4294 629 4342 et
645 4294 740 4366 caput
761 4281 832 4364 ejus
849 4280 948 4343 nubes
966 4281 1119 4364 tetigerit,
1136 4279 1227 4364 quasi
1247 4285 1381 4363 sterqui.

428 4381 538 4446 linium
555 4381 586 4444 in
604 4381 664 4444 fine
680 4380 840 4465 perdetur.
