3550 5467
404 749 474 801 cnr.
490 738 549 813 rr]
769 751 1021 798 nonrcnrrrcus.
1301 745 1363 802 205

405 908 490 971 Nam
504 918 537 970 et
549 908 591 970 ab
604 906 722 984 animo,
733 918 788 969 aut
799 927 941 988 corpore,
954 915 1009 968 aut
1018 906 1058 969 ab
1071 907 1279 989 extrapositis
1294 909 1360 992 peti

407 1007 513 1071 debet.
545 1007 646 1070 Porro
658 1006 755 1069 animi
766 1007 864 1079 bona,
876 1018 933 1069 aut
947 1005 1101 1089 corporis,
1113 1019 1168 1069 aut
1178 1006 1363 1070 naturaliter

405 1109 503 1173 insita
525 1122 611 1186 sunt,
633 1121 690 1172 aut
712 1107 818 1171 studio
841 1118 1035 1191 comparata,
1058 1117 1112 1170 aut
1138 1108 1306 1171 causaliter
1331 1120 1363 1172 et

406 1211 580 1275 casualiter
601 1222 815 1273 accesserunt.
859 1211 902 1271 Ar
924 1208 958 1270 iu
980 1209 1030 1271 his
1053 1209 1132 1271 certi
1151 1221 1226 1273 sunt
1246 1209 1362 1291 gradus

406 1335 464 1397 pro
484 1311 641 1394 dignitate
662 1333 770 1375 eorum
791 1312 962 1396 inquibus
983 1311 1174 1387 consistunt,
1194 1322 1226 1374 et
1247 1313 1363 1396 quibus

407 1424 569 1497 petuntur.
614 1413 739 1476 Primus
760 1411 919 1495 siquidem
939 1410 1224 1476 commendationis
1246 1414 1364 1494 gradrm

408 1527 468 1593 est,
479 1515 534 1597 qui
549 1515 590 1576 ab
606 1513 702 1576 animi
718 1511 792 1575 dote
808 1512 964 1594 provenit.
1002 1510 1171 1575 Secundus
1186 1525 1218 1575 et
1231 1514 1366 1592 medius,

411 1617 466 1700 qui
496 1614 640 1698 corporis
669 1612 884 1677 valetudinem
914 1614 1070 1695 approbat
1096 1625 1127 1676 et
1156 1625 1364 1679 venustatem.

410 1718 548 1794 Tertius,
559 1715 708 1799 idemque
722 1715 926 1791 norissimus,
938 1709 995 1798 qui
1009 1716 1203 1779 exteriorum
1219 1717 1364 1780 continet

408 1817 548 1881 laudem.
583 1816 679 1890 Quod
694 1828 727 1880 et
740 1817 911 1900 Apuleium
927 1815 1087 1894 docuisse,
1097 1817 1244 1901 superius
1258 1820 1361 1882 retuli.

409 1920 456 1983 Et
468 1920 540 1982 laus
555 1918 686 2001 quidem
707 1918 805 1982 animi
826 1940 900 1981 vera
922 1931 980 1993 est,
996 1940 1145 2003 saepeque
1166 1921 1316 2004 perfecta,
1337 1922 1363 1983 si

410 2034 518 2085 tamen
532 2021 563 2086 ei
579 2021 731 2085 tenaciter
746 2023 842 2099 bona,
857 2045 928 2106 quar
945 2023 977 2085 in
998 2023 1070 2106 ipso
1086 2023 1361 2102 commendantur,

411 2124 608 2204 inhaeserint,
622 2122 703 2188 adeo
719 2123 860 2209 quidem,
875 2135 912 2187 nt
926 2126 992 2187 sint
1006 2125 1241 2209 inseparabilia.
1286 2126 1363 2190 Cer-

411 2239 477 2291 tum
494 2237 542 2290 est
557 2227 642 2289 enim
659 2226 734 2309 quia
748 2226 847 2290 inrito
868 2228 981 2290 auferri
1001 2249 1066 2290 non
1088 2242 1229 2313 possunt.
1274 2230 1362 2292 Alias

412 2328 541 2413 quidem
564 2350 638 2391 vera
659 2328 803 2408 sortasse,
824 2328 881 2391 sed
905 2331 1045 2411 perlecta
1067 2352 1225 2395 essenon
1247 2344 1363 2413 potest.

413 2431 566 2516 Corporis
595 2445 702 2495 autem
739 2431 916 2495 verisimilis
950 2445 999 2496 est
1032 2433 1275 2513 commendatio,
1305 2433 1363 2498 sed

412 2534 553 2617 perlecta
574 2554 748 2618 nunquam.
792 2532 876 2596 Nam
899 2535 985 2597 bona
1006 2533 1074 2618 ejus
1097 2546 1217 2618 queunt
1239 2556 1364 2618 semper

412 2634 526 2698 suferri
542 2635 652 2697 inrito.
696 2635 818 2699 Natura
833 2635 919 2697 enirn
934 2635 1014 2718 ejus,
1031 2645 1064 2696 et
1084 2634 1244 2698 debilitari
1260 2646 1365 2718 potest

406 2736 536 2822 jugiter,
558 2749 591 2799 et
615 2736 786 2819 corrumpi.
837 2736 1092 2799 Advenritiorum
1117 2755 1192 2797 vero
1217 2736 1365 2817 perfunc-

412 2840 494 2904 toria
513 2839 613 2922 gratia
634 2850 692 2915 est,
711 2851 744 2901 et
764 2859 824 2901 nec
845 2860 952 2902 veram
972 2859 1032 2902 nec
1055 2836 1227 2920 perlectam
1247 2837 1367 2901 habent

411 2942 552 3016 laudem,
578 2941 642 3006 imo
668 2961 729 3004 nec
757 2940 969 3003 verisimilem.
1014 2939 1158 3003 Sufficiat
1183 2938 1230 3001 eis
1259 2940 1287 3003 si
1315 2940 1364 3003 rel

412 3045 612 3130 probabilem
634 3043 805 3107 imitentur.
850 3042 1018 3126 Siquidem
1041 3042 1074 3104 in
1101 3052 1267 3126 utramque
1292 3063 1365 3126 par·

413 3157 477 3211 tem
493 3143 666 3211 flectuntur
679 3145 780 3209 facile.
826 3145 872 3207 Et
886 3145 947 3207 nisi
963 3143 1197 3228 possidentium
1213 3143 1365 3226 juventur

413 3271 485 3325 usn,
504 3269 569 3311 nou
590 3263 655 3310 tam
677 3247 718 3310 ad
740 3245 868 3310 laudem
889 3261 974 3319 sunt,
996 3267 1092 3329 quam
1112 3244 1154 3308 ad
1175 3245 1364 3328 vituperium

412 3350 571 3434 proniora.
617 3350 701 3411 Nam
719 3348 850 3423 divitiae,
866 3360 898 3411 et
913 3346 1075 3430 potentiae,
1090 3357 1122 3409 et
1142 3345 1252 3426 gratia,
1267 3368 1363 3430 quum

412 3451 585 3535 plurimum
605 3451 720 3513 virium
743 3449 830 3529 dent,
846 3450 879 3512 in
904 3462 1069 3533 utramque
1090 3458 1212 3532 partem
1228 3447 1364 3512 certissi-

412 3573 499 3615 mum
520 3552 640 3616 faciunt
653 3552 909 3634 experimentum
928 3573 1062 3634 morum,
1081 3551 1182 3635 fitque
1202 3571 1366 3635 possessor

412 3674 536 3717 morum
565 3653 607 3716 ab
637 3652 684 3714 eis
713 3651 908 3735 quandoque
935 3652 1056 3730 melior,
1081 3652 1238 3716 interdum
1264 3652 1365 3737 pejor.

414 3755 576 3820 Caeterum
598 3774 696 3836 opera
721 3754 792 3837 ipsa
816 3755 931 3818 mentis
957 3767 1012 3818 aut
1035 3755 1187 3839 corporis.
1210 3757 1269 3819 etsi
1294 3759 1366 3820 sim-

414 3857 543 3940 pliciter
556 3857 656 3933 bona,
676 3856 726 3918 vel
746 3856 891 3920 absolute
911 3858 995 3922 mala
1013 3858 1087 3935 sint,
1103 3858 1367 3940 vituperationem

413 3958 587 4034 interdurn,
607 3968 662 4020 eut
682 3954 809 4019 laudem
832 3959 1034 4035 contrahunt,
1054 3980 1111 4041 pro
1134 3956 1262 4024 arbitrio
1279 3959 1367 4044 judi·

414 4060 528 4123 centis.
563 4057 660 4122 Unde
676 4068 707 4121 et
718 4057 870 4121 interesse
880 4060 1049 4144 plurimum
1067 4072 1158 4143 putat
1170 4061 1367 4138 Aristotdes‚

413 4158 480 4234 ubi,
490 4159 634 4245 quidque
643 4158 801 4238 laudetur,
810 4174 865 4224 aut
874 4161 1075 4244 vituperetur.
1101 4162 1184 4225 Nam
1198 4159 1367 4242 plurimum

417 4262 520 4340 refert,
532 4261 586 4347 qui
602 4261 667 4324 sint
676 4261 875 4325 audientium
886 4282 1003 4338 mores,
1013 4283 1085 4343 quar
1098 4261 1227 4343 publice
1243 4272 1370 4342 recepta

416 4363 591 4446 persuasio,
620 4360 779 4446 docetque
809 4361 842 4424 in
871 4360 1070 4434 Rhetoricis,
1089 4373 1124 4422 ut
1152 4360 1208 4421 illa
1230 4358 1370 4423 maxime
