3550 5467
422 734 482 794 ltu
674 743 810 788 solutus
826 741 1106 788 sansssnsrnusrs
1220 719 1306 805 [ars.
1322 743 1372 788 ru.

418 899 551 963 alienus.
606 892 742 961 Suavior
769 895 854 959 enim
877 906 938 974 est,
963 905 996 958 et
1017 893 1178 978 quiddam
1202 896 1244 957 ab
1275 895 1371 957 alieno

417 1001 536 1064 innatas
552 996 731 1062 dulcedinis
744 998 851 1061 habet.
896 998 1010 1060 Nescit
1028 997 1165 1073 ntimo,
1181 996 1240 1080 qni
1254 1016 1373 1079 semper

417 1104 537 1166 abusus
552 1108 601 1163 est
615 1099 733 1162 alieno.
780 1098 815 1162 Si
830 1098 967 1162 honesta
981 1096 1138 1161 finiuntur
1153 1096 1273 1174 officia,
1288 1116 1372 1178 pars·

417 1203 469 1266 siti
484 1210 590 1284 partes
603 1220 670 1262 non
692 1198 852 1263 erubescit
865 1199 1010 1282 explere,
1024 1200 1074 1263 vel
1095 1197 1203 1261 mimi,
1248 1193 1372 1270 Queri·

417 1302 551 1383 indigns
571 1300 709 1383 patietur
735 1310 905 1382 antequam
929 1310 1033 1361 excat
1079 1295 1181 1382 Apud
1203 1293 1370 1361 Varronem

415 1402 582 1466 Trebrium
598 1400 722 1480 cogites
737 1400 1000 1463 discumbentem.
1046 1399 1134 1460 Nam
1150 1408 1187 1460 et
1198 1398 1278 1461 hnic
1291 1395 1368 1460 iden

416 1504 627 1587 propositum,
642 1510 674 1564 et
689 1520 815 1584 semper
829 1498 944 1563 eadem
958 1519 1052 1562 mens
1066 1509 1131 1572 est,

515 1632 555 1685 Ut
565 1632 635 1684 bons
645 1647 747 1683 ramma
758 1635 844 1701 putet,
854 1627 942 1680 utem
952 1629 1039 1682 virm
1055 1629 1168 1696 quadra,

413 1762 447 1817 et
461 1774 500 1816 ea
514 1751 649 1836 patienti
664 1750 802 1835 perferre
818 1748 939 1828 animo,

661 1881 1178 1950 ...numennumen-s

520 1965 1160 2025 omanadumnoevttiseuhstulnoes

415 2082 670 2145 Innumerabiles
695 2081 754 2144 vias
772 2089 856 2158 sunt,
873 2075 992 2164 quibus
1015 2080 1121 2163 palam
1143 2088 1203 2144 aut
1226 2081 1367 2145 clanculo

414 2185 599 2262 properatur
617 2176 660 2240 ad
681 2187 852 2260 quaestum:
883 2186 916 2240 et
938 2173 1035 2262 quem
1053 2198 1121 2240 non
1144 2174 1272 2262 subigit
1290 2200 1371 2245 amor

414 2277 572 2361 pecunias,
607 2275 768 2339 interdum
810 2286 940 2361 superat
976 2277 1140 2361 cupiditas
1178 2281 1367 2364 specierum.

412 2379 536 2462 Equos,
558 2387 671 2454 vestes,
693 2398 769 2440 aves
787 2389 935 2458 armatas,
948 2379 1116 2443 venaticos
1136 2400 1248 2458 mnes,
1261 2402 1367 2446 nume·

413 2499 503 2542 rosos
533 2499 645 2561 greges
673 2488 897 2556 armentorum,
928 2488 960 2542 et
991 2500 1156 2563 pecorum,
1185 2493 1219 2546 ct
1256 2483 1368 2547 variam

414 2578 526 2645 mundi
555 2578 790 2663 supellectilem
816 2577 980 2664 (quoniam
1004 2602 1062 2666 per
1091 2582 1222 2663 singula
1245 2604 1364 2648 currere

413 2684 496 2747 vires
514 2681 670 2745 humanas
691 2678 834 2761 excedit)
854 2682 1001 2764 plerique
1020 2683 1168 2765 pecunia
1187 2684 1366 2768 praeferunt,

413 2792 446 2849 et
460 2783 558 2848 totius
572 2781 710 2845 hominis
725 2781 807 2844 vires
821 2781 1025 2859 exhauriunt,
1039 2782 1073 2844 in
1094 2783 1300 2867 acquirendis
1318 2785 1365 2849 his

414 2895 469 2948 aut
498 2882 653 2948 tenendis.
700 2881 783 2946 Nam
809 2883 841 2944 in
867 2879 919 2945 his
950 2883 1075 2947 dnobus
1104 2884 1261 2966 articulis,
1285 2887 1366 2951 furor

415 2985 512 3047 totius
541 2979 681 3047 avaritiae
710 2990 846 3058 constat,
871 2981 959 3064 quod
983 2981 1221 3049 immoderatius
1246 2988 1367 3072 appetit

413 3085 528 3161 aliena,
550 3094 606 3148 aut
627 3105 685 3169 sua
706 3083 851 3147 tenacius
872 3095 986 3148 servat.
1030 3085 1075 3147 Et
1096 3086 1227 3168 quidem
1253 3087 1363 3152 immo·

412 3183 550 3248 deratius
564 3187 698 3268 appetit,
713 3185 859 3268 quisquis
882 3184 970 3268 quod
991 3184 1092 3261 deest,
1107 3187 1213 3268 legem
1227 3189 1366 3253 necessi·

412 3284 487 3348 tatis
502 3285 676 3364 excedens,
691 3298 723 3349 et
742 3306 829 3361 usus,
845 3283 1002 3369 exposcit
1048 3280 1216 3351 Tenentur
1239 3311 1365 3374 quoque

411 3383 535 3447 aridius
556 3405 630 3467 qum
650 3385 721 3446 usui
744 3385 981 3448 subtrahuntur.
1025 3386 1078 3448 Ea
1100 3407 1174 3449 vero
1202 3410 1276 3472 qum
1298 3389 1363 3452 sine

410 3503 470 3546 usu
491 3484 727 3565 possessoribus
754 3485 935 3559 elabuntur,
958 3486 1084 3550 inutilis
1109 3487 1173 3550 sibi
1199 3509 1271 3552 esse
1298 3488 1366 3572 quis

412 3581 559 3647 dubitat?
604 3584 777 3648 Avaritiam
794 3587 843 3649 vel
858 3607 901 3649 ex
922 3608 962 3650 eo
976 3609 1043 3650 uon
1058 3586 1156 3650 modo
1171 3588 1366 3671 fugiendam,

411 3681 469 3746 sed
492 3681 714 3746 detestandam
737 3691 875 3763 constat,
897 3685 985 3769 quod
1007 3707 1027 3749 a
1049 3688 1234 3752 coelestibus
1256 3689 1365 3773 procul

409 3791 582 3846 sectatores
597 3804 683 3861 suos,
696 3805 716 3847 a
729 3787 887 3850 consortio
904 3786 1090 3863 divinitatis,
1103 3799 1136 3851 et
1152 3810 1214 3852 usu
1229 3791 1366 3855 coelestir

410 3882 618 3946 beatitudinis
647 3896 799 3962 removet,
824 3900 857 3948 et
880 3888 1018 3969 elongat.
1063 3888 1182 3953 Omnia
1210 3890 1364 3974 siquidem

410 4004 482 4067 quae
512 3983 696 4047 coelestibus
725 3984 880 4048 viciniora
911 3998 998 4064 sunt,
1024 3987 1131 4051 minus
1160 3990 1309 4073 cupiunt,
1335 4001 1366 4053 et

409 4096 606 4167 congregant
632 4085 793 4167 pauciora
840 4086 990 4150 Volatilia
1016 4088 1091 4152 coeli
1115 4109 1222 4175 neque
1249 4101 1365 4167 semet,

407 4207 511 4270 neque
527 4195 661 4261 metunt,
674 4203 779 4268 neque
795 4195 882 4260 nent,
897 4206 1002 4270 neque
1022 4200 1222 4271 congregant
1241 4191 1276 4254 in
1295 4191 1363 4255 hor·

407 4288 481 4363 reis,
501 4306 562 4349 nec
585 4306 704 4368 penum
727 4296 927 4364 construunt,
949 4285 1006 4350 sed
1033 4309 1161 4354 omnem
1188 4291 1364 4356 excludunt
