3550 5467
410 724 470 783 196
665 734 801 780 roannrs
817 733 1098 780 ssassnemnnsrs
1205 716 1287 799 [trs.
1304 738 1353 782 ru.

411 888 556 971 Pompeii
582 889 801 951 venditionem
830 887 1069 970 exprobrando,
1098 898 1135 952 ut
1164 911 1185 952 a
1215 889 1354 953 tribunali

408 989 656 1054 summoveretur
670 998 836 1064 meruerat,
852 987 910 1050 sed
925 988 1005 1052 illud
1020 989 1094 1073 ipsa
1117 989 1354 1054 mansuetudine

408 1092 517 1154 mitius
531 1102 656 1171 pectus,
668 1111 712 1151 aes
727 1088 867 1152 alienum
883 1089 1042 1172 Pompeii,
1055 1110 1100 1153 ex
1113 1112 1174 1154 suo
1191 1090 1270 1154 fiseo
1284 1092 1353 1152 solri

406 1192 509 1255 iussit.
548 1190 732 1252 Pisistratus
744 1190 985 1253 Atheniensium
998 1203 1169 1274 tyrannus,
1180 1214 1277 1276 quum
1287 1213 1352 1254 eum

408 1316 489 1358 uxor
508 1293 691 1369 hortaretur,
712 1303 747 1354 ut
769 1292 908 1376 capitale
930 1294 1130 1376 supplicium
1158 1304 1297 1357 sumeret
1316 1293 1358 1376 de-

407 1396 622 1467 adolescente,
639 1394 694 1477 qui
710 1394 784 1456 filiae
807 1394 876 1478 ejus
900 1416 1005 1458 amore
1029 1418 1221 1474 succensus,
1234 1418 1304 1460 eam
1322 1399 1352 1460 ia

408 1498 459 1560 ria
471 1496 601 1579 publica
612 1494 739 1557 obviam
750 1494 852 1557 fuerat
862 1497 1035 1573 osculatus,
1045 1496 1235 1580 respondit:
1259 1496 1292 1560 Si
1303 1520 1353 1561 eos

408 1599 463 1683 qui
479 1620 538 1661 nos
553 1597 888 1669 amantinterficimus,
901 1596 981 1680 quid
995 1597 1154 1662 faciemus
1169 1599 1233 1676 his,
1244 1601 1353 1681 quibus

409 1696 620 1764 odiosumusl
647 1697 719 1761 Vox
729 1699 870 1781 quidem,
880 1699 949 1762 cive
960 1697 1098 1781 dignior,
1108 1721 1208 1784 qnam
1218 1711 1354 1784 tyranno,

409 1825 482 1886 quae
498 1814 532 1866 et
545 1802 619 1865 filiae
634 1801 837 1864 laudabiliter
851 1801 924 1864 tulit
942 1800 1104 1886 injuriam,
1119 1812 1154 1865 et
1167 1801 1353 1867 laudabilius

408 1926 508 1968 suam.
554 1903 643 1966 ldem
666 1924 685 1965 a
709 1901 894 1986 Thrasippo
910 1904 1015 1966 amico
1031 1903 1189 1967 conviciis
1211 1904 1246 1966 in
1268 1926 1355 1969 eoena

408 2004 476 2067 sine
492 2003 556 2065 fine
571 2003 736 2076 laceratus,
753 2017 785 2065 et
798 2002 940 2064 animum
956 2011 988 2065 et
1003 2023 1115 2067 vocem
1138 2004 1181 2066 ab
1206 2004 1255 2068 ira
1271 2006 1355 2070 colri-

408 2105 497 2167 buit:
531 2116 564 2166 et
583 2104 661 2166 lieet
687 2124 759 2166 eum
786 2104 987 2187 Thrasippus
1012 2105 1136 2188 impetu
1163 2107 1355 2171 temulentie

406 2218 501 2287 sputo
518 2205 552 2265 in
568 2224 604 2265 os
619 2204 688 2286 ejus
702 2205 822 2289 injecto
844 2206 1038 2288 resperserit,
1053 2206 1139 2269 filios
1154 2216 1189 2270 et
1208 2208 1355 2273 familiam

407 2307 448 2369 ab
460 2305 578 2368 ultione
589 2304 728 2381 retraxit,
737 2318 929 2390 posteroque
942 2306 994 2369 die
1004 2308 1198 2391 supplicem,
1207 2321 1241 2372 et
1250 2313 1357 2374 volun·

408 2406 516 2470 teriam
533 2405 573 2468 de
588 2424 621 2468 se
636 2420 768 2469 mortem
782 2407 977 2488 exigentem,
989 2408 1066 2472 data
1080 2408 1157 2486 fide,
1169 2411 1204 2474 in
1218 2413 1356 2495 pristine

410 2508 541 2591 gradum
560 2508 706 2571 amicitie
730 2504 861 2592 recepit.
907 2510 1127 2574 Nobilissimis
1147 2512 1286 2592 civibus,
1301 2515 1358 2579 lor·

411 2623 497 2676 tunoe
521 2622 627 2675 tamen
656 2607 801 2694 disparis,
824 2632 844 2674 a
868 2622 982 2674 senatu
1009 2611 1174 2697 Hispania
1198 2612 1359 2699 provincia

411 2711 629 2794 delegabatur,
641 2708 791 2774 audiente
807 2711 919 2772 Servio
935 2709 1071 2794 Sulpitio
1088 2713 1203 2777 humili
1215 2715 1293 2793 viro,
1304 2715 1358 2780 sed

411 2814 563 2878 liberrimi
578 2814 717 2899 spiritus.
753 2815 861 2885 Quum
876 2835 951 2894 ergo
966 2815 1091 2876 senatui
1107 2816 1206 2879 etiam
1221 2819 1357 2902 populus

412 2916 610 2999 prestitisset
639 2936 812 2992 assensum,
840 2930 988 2978 neutrum
1016 2916 1102 2980 mitti
1130 2915 1210 2981 mihi
1245 2921 1358 3004 placet,

410 3015 518 3099 inquit
543 3017 709 3098 Sulpitius,
733 3014 885 3098 quoniam
916 3017 996 3080 alter
1024 3017 1107 3080 nihil
1138 3018 1248 3098 habet,
1272 3022 1359 3084 alteri

410 3118 490 3181 nihil
500 3132 548 3181 est
556 3118 651 3195 satis;
675 3138 766 3201 aeque
778 3117 891 3179 nralam
901 3118 1028 3182 licentis
1037 3117 1165 3202 imperii
1178 3122 1357 3204 magistram

406 3219 559 3305 judicans
573 3219 713 3304 inopiam
738 3231 833 3301 atque
855 3218 1027 3282 avaritiam.
1073 3219 1260 3285 Romanum
1284 3245 1358 3308 quo»

411 3344 473 3406 que
496 3320 671 3397 consulem,
693 3322 839 3397 Brutum,
858 3320 1031 3384 Lusitaniae
1056 3321 1295 3405 imperatorem,
1317 3326 1358 3390 lez

410 3437 504 3505 gatus
519 3422 717 3497 Cinniorum,
728 3420 878 3484 adversus
894 3422 1075 3485 &manum
1091 3422 1263 3509 imperium
1278 3447 1360 3491 arma

411 3520 625 3595 tractantium,
651 3522 735 3582 rerbi
766 3522 919 3603 gravitate
949 3524 1087 3587 movisse
1117 3537 1277 3609 potuerat,
1303 3526 1359 3590 nisi

411 3623 578 3686 Romanus
607 3633 702 3696 esset,
724 3624 874 3704 quoniam
898 3623 974 3686 huic
1003 3626 1125 3709 populo
1152 3647 1219 3711 prae
1242 3629 1361 3693 caeteris

411 3721 587 3785 moderatio
603 3742 727 3804 semper
738 3724 843 3787 amica
857 3723 926 3788 suit.
970 3728 1077 3798 Quum
1093 3727 1179 3790 enim
1197 3729 1307 3794 Cinnii
1320 3728 1360 3794 ad

411 3823 665 3904 redemptionem
687 3823 843 3888 libertatis
864 3827 1083 3907 invitarentur,
1098 3830 1228 3911 legatus
1249 3831 1359 3894 serrum

411 3926 473 3989 sibi
502 3947 522 3988 a
551 3925 735 4009 majoribus,
765 3948 829 4010 quo
864 3927 975 3992 urbem
1012 3943 1187 4009 tuerentur,
1217 3934 1357 3997 relietum

405 4048 482 4090 esse
520 4025 695 4109 respondit,
730 4046 794 4088 nou
833 4050 957 4105 aurum,
992 4050 1055 4114 quo
1092 4032 1134 4094 ab
1173 4032 1358 4117 imperatore

407 4151 505 4193 avaro
531 4139 674 4191 emerent
700 4128 891 4193 libertatem.
946 4131 1133 4195 Paschelius
1162 4134 1294 4213 lunius,
1318 4133 1358 4196 vir

413 4253 536 4296 summa
549 4231 705 4306 libertate,
720 4231 881 4314 multaque
904 4232 1048 4308 seientia,
1063 4242 1096 4293 et
1117 4231 1208 4297 dorni
1223 4235 1357 4321 lorisque

402 4335 525 4409 -elarus,
556 4331 611 4394 sed
641 4329 674 4392 in
704 4330 773 4392 solo
802 4331 1052 4416 philosophandi
1083 4333 1203 4413 studio,
1231 4338 1356 4402 interro
