3550 5467
407 777 477 822 car.
493 756 563 837 xa]
758 770 1013 815 mnrcarrrcos.
1303 755 1362 815 18⁷

405 927 544 991 hominia
568 934 655 988 ortus
678 944 720 986 ex
741 935 875 1005 utroque
899 921 1097 1002 gignentium
1117 931 1166 984 est
1188 921 1362 999 consectus,

405 1041 436 1093 et
450 1030 567 1091 trustra
581 1024 734 1109 sparseris
749 1023 882 1100 semina,
898 1023 961 1086 nisi
977 1043 1015 1086 ea
1028 1023 1235 1105 praemollitus
1249 1021 1363 1085 foverit

407 1133 534 1195 sulcus:
562 1129 609 1192 ita
628 1125 813 1210 eloquentia
828 1126 1008 1189 coalescere
1027 1126 1150 1208 nequit,
1164 1125 1228 1188 nisi
1242 1126 1364 1189 sociata

406 1229 564 1296 tradentis
573 1226 826 1310 accipientisque
836 1225 1019 1289 concordia.
1035 1226 1118 1290 Haec
1127 1224 1256 1308 quidem
1263 1223 1363 1299 Quin·

406 1334 537 1396 tilianus
551 1331 586 1393 in
601 1327 770 1412 praeceptis
785 1326 988 1409 eloquentiae,
999 1325 1055 1388 sed
1070 1326 1279 1389 nihilominus
1290 1337 1364 1389 sunt

407 1433 449 1497 ed
464 1431 697 1496 institutionem
713 1427 879 1511 sapientiae
900 1426 1103 1510 applicanda.
1139 1427 1287 1491 Profecto
1301 1447 1363 1490 nec

409 1531 605 1616 eloquentia,
619 1528 683 1592 nisi
703 1526 875 1609 praeceptis
896 1526 1061 1608 sapientire
1080 1537 1289 1609 comparatur.
1318 1529 1365 1591 Et

407 1634 442 1696 in
471 1632 575 1694 t'orum
600 1630 737 1705 illorum,
763 1626 820 1710 qui
846 1646 939 1689 aures
964 1624 1117 1688 audiendi
1142 1625 1272 1698 habent,
1299 1647 1362 1688 non

409 1729 508 1795 modo
518 1729 723 1804 ridiculosus,
734 1727 790 1790 sed
803 1724 1040 1810 quodammodo
1053 1746 1198 1799 vesanus,
1209 1726 1366 1810 irrumpit,

410 1851 637 1916 quemcunque
666 1828 883 1913 philosophia,
907 1838 941 1890 ut
969 1827 1152 1911 loqueretur
1179 1826 1365 1908 diligentius

411 1956 476 1998 non
498 1933 657 1996 instruxit.
695 1931 826 2014 Septem
848 1930 927 1992 alias
948 1931 1064 2004 claves,
1086 1950 1165 2013 quas
1187 1929 1228 1992 ad
1250 1929 1366 1993 intelli-

412 2034 552 2117 gentiam
578 2034 815 2116 scripturarum,
839 2030 1030 2114 Tychonius
1056 2031 1174 2114 posuit,
1196 2031 1231 2094 in
1260 2032 1365 2095 lucem

412 2134 532 2218 profert
552 2134 645 2210 liber,
666 2133 722 2216 qui
743 2131 784 2196 de
803 2130 949 2194 doctrina
971 2131 1155 2195 Christiana
1173 2131 1364 2209 inscribitur,

415 2233 472 2298 aed
487 2254 688 2318 nequaquam
703 2233 773 2296 istis
793 2233 933 2306 obviant,
950 2253 1060 2296 omnes
1081 2233 1187 2315 potius
1202 2243 1367 2297 versantur

412 2337 445 2398 in
461 2355 527 2397 una
541 2335 682 2397 istarum.
709 2335 776 2397 Eas
791 2354 930 2417 namque
945 2332 1085 2397 studium
1100 2333 1263 2418 quaerendi
1279 2354 1365 2398 conr·

413 2436 572 2519 plectitur.
613 2433 772 2498 ceterum
796 2433 837 2497 de
863 2435 1031 2497 traditione
1059 2436 1238 2514 gentilium,
1263 2455 1367 2498 sermo

415 2537 518 2599 firerat
531 2536 705 2613 institutus,
713 2535 759 2599 ita
769 2545 873 2597 tamen
885 2544 920 2598 ut
929 2535 970 2599 ad
981 2535 1211 2599 institutionem
1223 2535 1367 2599 fidelium

416 2658 457 2700 ex
472 2635 638 2720 proposito
660 2637 818 2700 referatur.
832 2649 834 2652 ⁴
849 2638 926 2700 Una
943 2648 1048 2699 tamen
1069 2647 1119 2699 est
1139 2647 1171 2699 et
1190 2637 1367 2719 singularis,

415 2752 448 2801 et
462 2738 556 2821 quasi
566 2737 704 2801 clarium
716 2737 825 2814 clavis,
837 2738 937 2801 claris
948 2739 1003 2800 illa
1017 2758 1089 2819 quae
1105 2738 1217 2820 aperit,
1228 2747 1260 2799 et
1274 2757 1368 2799 nemo

417 2836 550 2913 claudit,
565 2834 686 2899 claudit
700 2846 733 2899 et
746 2857 841 2899 nemo
858 2837 968 2919 aperit,
983 2848 1016 2899 et
1029 2836 1099 2899 sine
1120 2856 1183 2918 qua
1198 2834 1238 2897 ad
1252 2835 1369 2898 intelli·

417 2937 557 3017 gentiam
576 2936 643 2997 veri
662 2937 770 2999 nullus
792 2934 930 3010 accedit,
946 2957 1043 3020 quarn
1067 2934 1212 3018 quisquis
1231 2948 1367 2998 autnon

417 3033 640 3119 apprehendit,
652 3046 707 3099 aut
721 3056 786 3097 non
798 3044 900 3112 tenet,
911 3034 1019 3118 potius
1029 3052 1102 3098 eum
1117 3034 1256 3098 insanire
1268 3033 1367 3099 credi·

420 3135 519 3199 derim
535 3156 631 3218 quarn
646 3136 875 3218 philosophari.

423 3384 502 3467 Cep.
522 3388 571 3448 15.
596 3387 643 3448 In
665 3407 726 3467 quo
747 3387 928 3468 Epicurus,
943 3393 974 3450 et
996 3390 1060 3464 sui,
1075 3409 1232 3452 summum
1255 3388 1369 3454 mnam

462 3488 685 3550 concauam.-
715 3496 747 3551 et
769 3487 854 3568 quod
873 3508 934 3570 per
958 3491 1072 3553 multoe
1094 3490 1217 3556 hadom
1235 3492 1305 3555 itur
1326 3493 1372 3555 aa

463 3589 655 3670 voluptates.

464 3739 592 3802 Munna
614 3737 743 3822 quidem
765 3754 850 3816 sunt,
868 3750 902 3802 et
922 3737 1075 3817 difficilia,
1090 3742 1208 3824 quibus
1230 3743 1370 3824 philoso-

422 3840 590 3923 phantium
612 3838 765 3923 probatur
779 3839 890 3914 virtus,
906 3840 984 3924 quia
999 3841 1040 3904 ad
1062 3863 1221 3905 summum
1244 3853 1372 3907 nonest

423 3941 482 4004 iter
495 3941 558 4004 nisi
574 3941 754 4024 perardua.
800 3943 839 4004 ln
858 3962 916 4024 spo
932 3952 1038 4005 tamen
1060 3942 1250 4024 proficiendi
1265 3945 1373 4008 omnia

426 4053 662 4119 mansuescunt,
678 4053 712 4105 et
733 4041 810 4104 dum
824 4044 944 4106 laboris
965 4055 1115 4126 pensatur
1137 4044 1269 4121 utilitas,
1283 4066 1373 4107 mens

429 4141 469 4205 ad
491 4143 601 4206 omnia
622 4145 795 4207 roboratur.
840 4145 886 4206 Et
907 4142 1036 4227 quidem
1059 4144 1101 4207 ad
1126 4165 1282 4208 summum
1306 4157 1374 4206 ten·

428 4241 507 4307 dunt
522 4264 645 4318 omnes,
657 4242 713 4306 sed
726 4244 778 4306 via
792 4242 921 4327 dispari.
959 4242 1063 4307 Nemo
1074 4257 1191 4318 tamen,
1203 4256 1238 4306 ut
1252 4242 1375 4324 opinor,

428 4342 501 4407 illuc
524 4344 595 4407 sine
621 4344 729 4406 labore
744 4343 905 4426 pertingit,
922 4352 977 4407 aut
1002 4343 1114 4406 tendit.
1161 4344 1267 4413 Quum
1288 4341 1373 4405 enim
