3550 5467
407 669 470 727 ³36
663 679 799 724 sossius
815 677 1096 723 sunssaamansrs
1192 659 1273 738 [tm.
1289 667 1357 727 mh.

408 830 516 895 nullus
530 843 587 894 est.
633 827 725 893 Tulit
749 829 859 914 itaque
883 826 976 893 Jahel
1004 850 1086 891 uxor
1109 827 1220 893 Abner
1239 829 1359 894 clavum

409 930 616 1009 tabernaculi,
626 951 791 995 assumens
803 929 922 1016 pariter
934 941 967 992 et
978 929 1139 992 malleum.
1166 933 1212 994 Et
1225 934 1362 1016 ingressa

407 1047 455 1097 est
467 1031 651 1096 abscondite
662 1048 694 1095 et
706 1055 779 1095 cum
795 1030 931 1109 silentio,
940 1031 1115 1117 posuitque
1127 1054 1228 1117 supra
1240 1046 1360 1113 tempus

407 1133 519 1218 eapitis
541 1130 610 1215 ejus
631 1129 769 1207 clavum,
786 1153 1034 1216 percussumque
1058 1131 1175 1194 malleo
1196 1131 1310 1196 defixit
1331 1135 1359 1195 in

409 1233 573 1297 cerebrum
581 1252 681 1317 usque
693 1231 733 1294 ad
742 1245 870 1294 terram.
895 1230 958 1307 Qui
971 1252 1115 1315 soporem
1129 1229 1228 1295 morti
1238 1232 1360 1309 socians,

411 1331 532 1398 defecit
554 1346 586 1396 et
608 1345 755 1395 mortuus
772 1345 829 1394 est.
870 1330 1015 1395 Laudem
1036 1351 1077 1392 ne
1099 1352 1190 1415 ergo,
1205 1346 1263 1395 aut
1284 1332 1362 1396 ritu-

410 1436 533 1523 perium
546 1448 743 1520 consequuta
753 1446 800 1496 est
816 1437 1038 1516 posterorum?
1052 1433 1242 1511 Benedicta,
1252 1434 1360 1520 inquit,

412 1538 581 1625 scriptura,
603 1537 686 1600 inter
704 1534 852 1598 mulieres
867 1533 974 1614 Jahel,
996 1558 1077 1598 uxor
1093 1535 1203 1599 Abner
1222 1536 1321 1615 Cinei,
1333 1546 1361 1600 et

410 1640 618 1706 benedicatur
636 1637 669 1701 in
692 1635 896 1701 tabernaculo
918 1660 983 1701 suo.
1023 1641 1151 1722 Aquam
1175 1638 1298 1724 petenti
1319 1639 1362 1701 lae

411 1740 514 1819 dedit,
528 1754 558 1804 et
575 1740 606 1803 in
623 1739 729 1826 phiala
744 1736 923 1822 principum
938 1737 1057 1801 obtulit
1070 1739 1238 1823 butyrum.
1271 1739 1360 1804 Sinis

413 1855 494 1906 tram
511 1864 639 1906 manum
654 1838 740 1904 misit
755 1838 795 1901 ad
816 1837 953 1913 clavum,
971 1851 1001 1901 et
1016 1838 1181 1902 dexteram
1199 1839 1241 1902 ad
1264 1840 1364 1905 fabro-

412 1965 484 2006 rum
498 1941 636 2008 malleos.
665 1940 889 2024 Percussitque
903 1939 1051 2014 Sisaram,
1061 1961 1210 2022 quaerens
1221 1941 1254 2018 in
1267 1941 1364 2026 capite

412 2044 535 2107 vulneri
551 2043 668 2120 locum,
679 2054 710 2105 et
727 2057 852 2123 tempus
867 2038 973 2102 valide
987 2039 1164 2124 perforans.
1196 2041 1245 2104 Ut
1260 2055 1361 2106 autem

411 2156 443 2207 et
459 2143 501 2206 ab
515 2141 578 2207 alia
592 2155 714 2206 constet
730 2142 872 2218 historia,
882 2143 1007 2226 justum
1023 2164 1090 2204 esse
1106 2141 1252 2226 publicos
1266 2142 1361 2206 occidi

412 2260 574 2331 tyrannos,
588 2254 619 2305 et
635 2241 792 2327 populum
808 2242 848 2305 ad
866 2243 930 2308 Dei
944 2243 1134 2328 obsequium
1151 2243 1290 2323 liberari,
1304 2243 1360 2330 ipsi

413 2367 543 2430 quoque
554 2343 732 2407 sacerdotes
744 2345 887 2420 Domini,
900 2369 1004 2410 necem
1017 2344 1125 2411 eorum
1138 2361 1293 2434 reputant
1304 2347 1363 2431 pie-

414 2458 524 2526 tatem,
538 2458 570 2510 et
585 2445 610 2508 si
625 2445 704 2530 quid
721 2444 787 2508 doli
803 2446 952 2511 videatur
966 2447 1081 2510 hahere
1096 2448 1281 2535 imaginem,
1298 2447 1362 2511 reli⁴

415 2547 510 2634 gione
525 2547 668 2633 mysterii
680 2546 789 2612 dieunt
803 2548 943 2612 Domino
955 2561 1185 2613 consecratum.
1202 2551 1255 2613 Sic
1269 2548 1365 2614 Holo-

414 2651 519 2714 fernes
530 2673 593 2714 non
605 2649 723 2714 virtute
734 2649 852 2730 hostili,
864 2650 919 2714 sed
932 2654 997 2714 suis
1009 2651 1096 2715 vitiis
1106 2651 1217 2736 gladio
1228 2652 1363 2717 mulieris

416 2752 579 2829 occubuit,
594 2766 626 2816 et
648 2752 705 2836 qui
729 2752 804 2816 viris
826 2752 1035 2817 formidabilis
1056 2753 1175 2835 suerat,
1192 2754 1318 2818 luxuria
1332 2766 1363 2816 et

414 2853 568 2918 ebrietate
583 2855 698 2929 victus,
709 2875 729 2916 a
743 2853 859 2916 semina
870 2853 1056 2918 interfectus
1071 2869 1129 2919 est.
1161 2859 1231 2920 Nec
1241 2853 1362 2918 femine

415 2954 456 3018 ad
472 2969 643 3040 tyrannum
655 2955 812 3040 patuisset
825 2976 976 3031 accessus,
987 2956 1047 3020 nisi
1062 2955 1212 3021 hostilem
1225 2956 1361 3020 animum

415 3057 469 3144 pia
481 3056 678 3121 simulatione
690 3057 829 3122 texisset.
859 3061 933 3122 Non
943 3069 990 3121 est
1002 3058 1086 3121 enim
1097 3057 1192 3123 dolus
1202 3059 1260 3144 qui
1271 3056 1363 3120 servit

416 3157 502 3238 fidei,
525 3171 557 3222 et
582 3157 696 3223 militat
719 3158 853 3223 caritati.
899 3157 1064 3244 Siquidem
1091 3158 1166 3223 fidei
1194 3174 1255 3237 est,
1279 3156 1363 3244 quod

414 3259 557 3345 increpat
573 3260 763 3337 sacerdotes,
779 3262 836 3345 qui
850 3260 969 3326 divinae
990 3261 1184 3325 miserationi
1201 3260 1365 3346 praescrip·

414 3375 519 3426 serant
531 3374 667 3447 tempus,
679 3384 717 3425 ex
730 3374 824 3447 pacto
833 3361 978 3426 hostibus
992 3383 1025 3425 se
1036 3361 1192 3434 dedituri,
1203 3375 1235 3426 et
1246 3362 1365 3438 urbem,

415 3464 476 3527 nisi
496 3463 579 3527 infra
591 3464 735 3549 quinque
747 3463 813 3526 dies
825 3463 869 3527 eis
880 3466 1038 3528 Dominus
1050 3463 1245 3528 subveniret.
1279 3463 1365 3527 Cari·

416 3563 491 3627 tatis
516 3578 624 3628 autem
653 3565 741 3650 quod
771 3565 858 3630 nulla
886 3565 1079 3630 formidabat
1110 3564 1265 3650 pericula,
1290 3563 1364 3628 dum

414 3663 529 3726 fratres
541 3676 572 3727 et
583 3664 736 3747 populum
748 3665 878 3730 Domini
887 3666 929 3730 ab
939 3666 1085 3730 hostibus
1094 3664 1256 3730 liberaret.
1287 3665 1366 3728 Nam

415 3775 447 3826 et
470 3761 530 3825 hoc
552 3763 742 3847 egredientis
765 3765 796 3826 in
824 3764 958 3830 salutem
981 3765 1122 3829 indicant
1146 3765 1264 3831 verba:
1295 3768 1365 3838 Fac,

415 3863 532 3949 inquit,
543 3862 691 3937 Domine,
703 3876 739 3927 ut
748 3862 857 3948 gladio
870 3866 999 3952 proprio
1013 3867 1083 3951 ejus
1092 3867 1244 3951 superbia
1255 3887 1364 3951 ampu-

416 3980 514 4047 tetur,
528 3977 559 4029 et
580 3964 726 4051 capiatur
745 3964 862 4052 laqueo
879 3968 1043 4033 oculorum
1060 3990 1189 4033 suorum
1210 3969 1242 4032 in
1259 3991 1319 4044 me,
1334 3979 1364 4030 et

414 4068 572 4154 percuties
592 4089 665 4131 eum
687 4090 729 4132 ex
751 4069 846 4133 labiis
866 4068 1007 4134 caritatis
1030 4092 1118 4133 meae.
1156 4070 1211 4134 Da
1234 4069 1310 4133 mihi
1332 4069 1363 4130 in

412 4171 519 4233 auimo
534 4168 753 4245 constantiam,
770 4183 806 4234 ut
821 4184 1018 4235 contemnam
1035 4170 1138 4250 illum,
1154 4185 1186 4235 et
1203 4171 1365 4245 virtutem,

415 4283 451 4333 ut
466 4285 606 4351 evertam
626 4293 710 4336 eum.
744 4273 817 4338 Erit
838 4272 921 4336 enim
943 4272 1124 4337 memoriale
1139 4261 1284 4338 ‘nominis
1306 4269 1363 4344 tui,
