3550 5467
383 725 446 787 ‘276
641 737 775 781 missis
792 736 1090 783 srussnumnssrs
1183 724 1268 798 [arn.
1283 740 1344 785 rm.

383 907 415 957 et
433 890 586 955 aviditate
608 888 806 961 distendunt,
826 888 1082 953 circumstantes
1102 913 1215 954 servos
1235 913 1344 955 morere

384 995 482 1067 labra,
499 1016 554 1056 nee
575 993 607 1055 in
633 992 691 1054 lroc
713 990 855 1077 quidem,
872 1003 911 1056 ut
935 991 1133 1079 loquantur,
1154 995 1344 1080 permittunt.

384 1098 483 1177 Virga
510 1117 604 1157 omne
638 1116 783 1157 murmur
818 1094 1052 1178 compescitur,
1083 1109 1117 1160 et
1155 1118 1197 1159 ne
1226 1096 1345 1159 fortuita

382 1196 512 1282 quidem
536 1195 722 1259 verberibus
743 1207 878 1279 excepta
902 1208 994 1258 sunt.
1043 1197 1178 1274 Tussis,
1200 1209 1344 1260 sternun-

383 1312 538 1374 mentum,
549 1296 720 1380 singultus
732 1317 849 1379 magno
865 1295 953 1357 malo
971 1296 1087 1361 luitur.
1120 1298 1176 1362 Sic
1187 1298 1236 1373 fit,
1247 1312 1283 1362 ut
1295 1298 1341 1361 isti

383 1402 423 1464 de
434 1400 563 1463 domino
580 1399 761 1483 loquantur,
772 1397 893 1482 quibus
909 1420 1020 1460 eoram
1038 1397 1175 1461 domino
1190 1399 1276 1486 loqui
1287 1420 1340 1461 non

382 1503 467 1567 licet.
499 1505 540 1567 At
556 1499 600 1563 illi
617 1499 735 1584 quibus
751 1521 811 1561 non
829 1512 959 1561 tantum
974 1501 1197 1584 praesentibus
1207 1501 1341 1578 dominis,

383 1603 438 1668 sed
454 1626 526 1668 eum
540 1603 616 1688 ipsis
630 1615 697 1665 erat
709 1623 820 1673 sermo,
833 1622 977 1684 quorum
995 1624 1032 1664 os
1043 1624 1109 1665 non
1122 1603 1339 1676 consuebatur,

383 1707 486 1792 parati
503 1718 592 1768 erant
615 1726 673 1788 pro
688 1701 816 1764 domino
837 1703 1004 1785 porrigere
1027 1704 1202 1783 cervicem,
1216 1720 1248 1769 et
1268 1706 1340 1792 peri·

383 1808 492 1873 culum
508 1807 674 1870 imminens
688 1807 718 1867 in
735 1816 830 1888 caput
847 1825 945 1866 suum
963 1818 1100 1870 vertere.
1141 1805 1181 1870 In
1197 1807 1339 1871 conviviis

384 1910 608 1995 loquebantur,
625 1906 678 1969 sed
704 1905 734 1968 in
756 1906 923 1968 tormentis
949 1909 1112 1973 tacebant.
1153 1913 1238 1975 Haec
1262 1912 1339 1975 Pre-

382 2027 540 2076 textatus:
569 2025 601 2074 et
616 2011 656 2073 de
672 2009 734 2072 lide
749 2030 909 2071 servorum
929 2011 1034 2074 multa
1048 2025 1082 2075 et
1103 2013 1259 2096 praeclnre
1272 2013 1338 2077 sub·

377 2113 498 2199 jungit,
511 2127 541 2176 et
558 2135 629 2197 quie
646 2125 748 2174 essent
760 2110 791 2173 in
808 2112 982 2195 quantavis
999 2113 1171 2178 nobilitate
1183 2115 1338 2199 sanguinis

381 2216 529 2298 gloriosa,
546 2229 577 2276 et
593 2213 695 2276 cuivis
710 2212 873 2276 imitanda.
907 2212 999 2277 Nihil
1014 2218 1100 2279 enim
1117 2216 1270 2281 decorum
1283 2230 1337 2288 est,

382 2314 469 2404 quod
483 2338 544 2378 non
557 2338 575 2377 a
587 2315 708 2377 virtute
719 2313 921 2399 profluxerit,
936 2329 969 2378 et
980 2340 1014 2379 se
1026 2317 1163 2382 invicem
1175 2316 1338 2404 turpitudo

380 2418 536 2482 etsitium
547 2415 1105 2483 infaustoambitucircumscribunt.
1123 2421 1338 2485 lnhocautem

381 2521 449 2585 solo
471 2520 619 2584 vitiorum
644 2516 785 2602 impulsu
808 2516 944 2602 quisque
966 2519 1160 2603 prolabitur,
1176 2537 1213 2587 ut
1233 2542 1334 2586 eorum

382 2646 414 2686 se
424 2622 552 2708 dejiciat
564 2634 596 2684 et
608 2618 761 2682 devoveat
774 2616 929 2690 servituti,
943 2619 1065 2702 quibus
1077 2632 1232 2686 natusest
1244 2622 1335 2708 impe·

381 2747 461 2788 rare.
494 2726 558 2797 Qui
575 2724 614 2786 ad
630 2723 813 2807 spectacula
828 2722 1009 2798 confluunt,
1026 2739 1082 2788 aut
1097 2741 1234 2790 evocant
1248 2726 1334 2789 adse

381 2823 1335 2912 spectaculainhonesur,arrtscipsosaffectatisnrrgisrolunt

380 2952 450 2993 esse
466 2929 652 3012 spectaculo
668 2924 897 3008 insipientium,
913 2928 1070 3008 quoniam
1086 2930 1157 2993 haec
1179 2930 1335 2994 lenocinia

381 3030 528 3092 vanitatis
543 3040 627 3089 recte
639 3024 775 3108 sapienti
790 3025 916 3105 placere
928 3047 994 3088 nou
1013 3042 1161 3110 possunt,
1175 3032 1333 3094 oculorum

381 3131 551 3214 capiuntur
565 3127 733 3201 illecebris,
745 3140 776 3186 et
791 3127 867 3187 licet
881 3127 991 3189 mitius
1003 3130 1177 3209 elidantur,
1188 3146 1333 3197 corruunt

381 3246 488 3298 tamen
508 3254 527 3294 a
550 3230 703 3310 dignitate
720 3226 915 3290 conditionis
930 3249 1009 3307 suae,
1024 3245 1059 3294 et
1081 3233 1122 3295 ad
1145 3255 1228 3311 cam,
1242 3256 1333 3318 qnam

382 3337 566 3408 diffitentur,
595 3331 740 3393 servilem
769 3330 962 3392 relabuntur.
1020 3333 1108 3404 Quid
1145 3356 1221 3416 ergo
1250 3333 1333 3397 aliud

287 3442 289 3447 ’
380 3438 503 3500 faciunt
518 3434 617 3508 mimi,
632 3431 812 3506 histriones,
826 3432 967 3515 parasiti,
984 3445 1017 3494 et
1037 3434 1226 3517 hujusmodi
1248 3457 1331 3498 mou·

378 3551 442 3597 stra
458 3535 634 3608 hominnm,
645 3532 706 3593 nisi
724 3529 808 3614 quod
824 3531 963 3613 ineptam
981 3535 1184 3599 convincunt
1198 3536 1333 3599 felicium

377 3631 584 3696 servitutem?
616 3631 681 3695 Sed
704 3644 736 3693 et
758 3632 803 3693 illi
831 3631 885 3715 qui
910 3634 1031 3694 voculis
1058 3636 1239 3719 capirmiur,
1262 3639 1333 3699 lieet

377 3734 499 3797 aurium
516 3753 628 3793 sensus
649 3732 837 3812 purissimus
859 3746 891 3795 ct
913 3732 1184 3800 detineatissimus
1205 3740 1257 3813 sit,
1273 3760 1332 3801 ser·

378 3838 469 3898 siunt
484 3831 717 3915 quidermjugo
733 3848 839 3896 tamen
855 3847 1043 3916 premuntur
1060 3840 1191 3917 mitiori,
1209 3844 1236 3905 si
1257 3842 1332 3903 alias

378 3960 442 4002 non
457 3936 650 4019 pucsaleant
667 3935 749 3998 vitia.
797 3938 880 3998 Nam
897 3947 927 3996 et
944 3938 984 3999 ab
1001 3938 1125 4003 olfactu
1144 3944 1199 4006 rix
1221 3944 1332 4026 aliquis

378 4042 508 4104 omuino
531 4038 665 4120 capitur,
680 4039 740 4099 nisi
766 4039 843 4099 sorte
869 4039 1093 4120 Lotophagurn
1119 4046 1215 4109 visat.
1260 4046 1329 4109 Non

378 4143 501 4227 aliquid
524 4141 675 4203 adversus
698 4151 857 4212 cantores,
874 4152 928 4202 aut
950 4141 1093 4205 musicos
1116 4160 1219 4219 struo,
1238 4168 1330 4231 quum

377 4261 456 4308 teste
479 4243 690 4315 Quintiliano,
716 4239 852 4314 Valerio,
877 4241 1038 4311 Flaviano,
1062 4255 1095 4305 et
1119 4247 1195 4308 aliis
1219 4250 1330 4317 multis.

376 4350 525 4412 Socrates
535 4345 628 4406 etiam
640 4343 672 4403 in
682 4353 847 4404 senectute
859 4337 1007 4405 didicerit
1019 4346 1191 4425 musicam,
1203 4352 1332 4415 eredens
