3550 5467
537 708 597 770 tot
767 721 904 767 rotatus
920 721 1196 767 sanasnanmums
1326 705 1412 786 [tra.
1429 725 1487 771 vu.

534 875 608 937 Hoc
629 876 739 937 autem
759 872 846 958 quod
869 877 972 937 omnis
987 873 1154 958 multiplex
1178 886 1280 960 quoto
1294 875 1366 938 loco
1387 875 1484 940 distat

531 976 573 1038 ab
584 973 718 1048 unitate,
731 985 778 1036 tot
790 995 886 1058 super
898 974 1105 1059 particulares
1116 973 1164 1036 sui
1175 973 1302 1058 generis
1313 974 1485 1049 antecedit,

530 1073 1486 1159 hisduntaxatinnotuit,quinumerisoperamimpenderunt.

532 1175 781 1240 Mathematicus
806 1187 913 1237 autem
940 1173 1113 1237 consultior
1135 1174 1237 1248 novit,
1262 1175 1340 1260 quia
1362 1175 1485 1238 diversa

530 1275 652 1341 suntid
670 1275 757 1361 quod
774 1289 833 1351 est,
848 1288 880 1339 et
896 1298 963 1337 esse
984 1275 1038 1339 rei.
1085 1276 1129 1338 Et
1150 1278 1195 1338 sic
1215 1275 1247 1337 in
1267 1275 1404 1360 singulis
1422 1277 1483 1341 dis·

529 1375 665 1462 ciplinis,
678 1374 827 1461 quaedam
842 1375 907 1438 suis
922 1374 1090 1458 opificibus
1105 1374 1318 1449 innotescunt,
1330 1398 1407 1460 quae
1421 1398 1481 1440 non

529 1477 625 1541 modo
640 1477 748 1562 vulgo,
761 1474 815 1539 sed
831 1474 901 1538 aliis
911 1474 1109 1560 pbilosophis
1119 1475 1331 1539 occultantur.
1374 1476 1481 1542 Habet

529 1593 561 1645 et
577 1579 688 1663 religio
702 1577 856 1666 quaelibet
871 1575 1028 1662 principia
1044 1599 1111 1650 sua,
1126 1600 1199 1662 quae
1219 1590 1276 1641 aut
1297 1577 1380 1642 ratio
1398 1600 1482 1641 conr-

529 1684 646 1758 munis,
662 1696 718 1746 aut
740 1682 842 1768 pietas
860 1678 1028 1764 persuasit,
1048 1679 1169 1764 quibus
1186 1679 1315 1765 proficit
1334 1680 1367 1742 in
1391 1683 1480 1744 cultu

530 1784 604 1860 Dei,
620 1800 652 1848 et
667 1805 790 1846 morum
807 1780 968 1855 exercitio,
983 1779 1024 1843 ad
1040 1779 1243 1844 beatudinem
1264 1780 1481 1846 obtinendam.

531 1886 589 1949 Est
598 1900 704 1949 autem
718 1906 816 1948 unum
827 1883 966 1945 omnium
977 1874 1164 1964 religionum
1178 1881 1384 1969 principium,
1395 1883 1481 1970 quod

528 1988 630 2071 pietas
646 1986 747 2071 gratis
762 1998 794 2048 et
813 1982 879 2046 sine
903 1982 969 2046 ulla
984 1983 1172 2068 probatione
1191 1984 1348 2059 concedit,
1376 1984 1480 2048 Deum

492 2167 497 2173 .
529 2087 647 2150 scilicet
662 2098 836 2170 potentem,
856 2085 1042 2168 sapientem,
1058 2085 1188 2162 bonum,
1208 2084 1435 2159 venerabilem,
1450 2099 1481 2149 et

527 2186 692 2250 amabilem
704 2209 780 2249 esse.
826 2185 908 2247 Nam
923 2185 1156 2270 Epicureorum
1168 2187 1274 2250 Deum
1286 2210 1354 2250 esse
1366 2209 1482 2270 negan-

528 2289 659 2364 tium,et
668 2288 755 2350 casui
767 2286 1004 2372 subjicientium
1016 2289 1206 2374 omnia,jam
1216 2288 1340 2374 pridem
1353 2304 1482 2353 auctore

529 2389 599 2452 Deo
626 2389 764 2465 homine,
791 2388 922 2474 explosa
953 2389 1109 2453 sententia
1138 2403 1195 2453 est.
1241 2390 1383 2453 Obviare
1405 2414 1480 2474 ergo

528 2490 703 2578 principiis,
719 2504 773 2555 aut
784 2491 881 2553 rebus
891 2513 947 2575 per
963 2491 1099 2564 senous,
1115 2491 1181 2553 sive
1195 2491 1236 2555 de
1245 2491 1296 2556 his
1307 2491 1479 2574 ambigere,

528 2593 679 2657 insensati
705 2605 765 2668 est,
789 2605 845 2656 aut
870 2592 1025 2667 vecordis,
1053 2592 1117 2655 sire
1142 2592 1228 2678 quod
1255 2593 1398 2657 deterius
1423 2608 1481 2672 est,

529 2693 699 2758 criminosi.
746 2693 809 2756 Sed
831 2715 888 2757 nee
911 2694 951 2756 de
975 2694 1024 2757 liis
1046 2693 1195 2756 dubitare
1224 2691 1309 2773 licet,
1337 2717 1413 2779 quae
1442 2718 1479 2759 ex

529 2796 696 2881 principiis
709 2805 962 2879 consequuntur,
978 2791 1055 2855 dum
1072 2815 1109 2855 ea
1124 2806 1229 2857 tamen
1246 2795 1337 2879 sequi
1350 2795 1480 2880 planum

529 2897 580 2961 sit.
628 2897 762 2961 interim
791 2917 929 2978 namque
958 2908 1033 2958 sunt
1062 2895 1295 2980 quaestionibus
1319 2897 1480 2982 agitanda,

529 2998 606 3060 dum
619 2998 743 3062 illorum
755 2995 795 3060 ad
808 2995 964 3082 principia
974 2995 1023 3058 rel
1034 2995 1236 3060 consecutiva
1244 3020 1367 3075 eorum,
1378 2999 1478 3070 eohae-

529 3100 627 3162 rentia
646 3113 762 3185 pateat.
808 3099 890 3161 Nam
906 3097 946 3160 de
961 3095 1096 3182 singulis
1108 3098 1243 3162 istorum
1256 3097 1406 3164 dubitare
1418 3123 1477 3165 uon

528 3201 703 3266 estinutile.
726 3198 949 3285 thuidemin
958 3199 1194 3274 talibus,donec
1203 3200 1478 3285 apprehenderent

529 3303 707 3376 veritatem,
718 3301 975 3365 Academicorum
988 3300 1202 3386 probabilium
1213 3300 1404 3387 disceptatio
1414 3328 1479 3368 verr·

529 3403 666 3467 tebatur.
712 3400 797 3477 Quid
819 3401 901 3462 enim
923 3401 1032 3476 refert,
1051 3416 1108 3465 aut
1127 3423 1263 3486 quorum
1286 3404 1433 3482 interest,
1455 3408 1479 3471 si

528 3504 583 3588 qui
596 3524 719 3586 semper
730 3515 760 3565 et
774 3502 879 3564 omnia
888 3503 1086 3586 quaerebant,
1097 3503 1262 3580 discentes,
1272 3519 1305 3569 et
1315 3528 1476 3593 nunquam

527 3602 567 3665 ad
585 3600 746 3664 scientiam
763 3599 903 3665 veritatis
918 3607 1147 3686 pervenientes,
1170 3603 1247 3687 quia
1262 3604 1342 3668 nihil
1358 3621 1478 3672 certum

528 3702 644 3765 habere
665 3705 842 3765 noverant?
867 3705 961 3765 Hanc
984 3726 1061 3786 ergo
1084 3702 1184 3787 legem
1214 3704 1476 3771 Academicorum

526 3803 703 3886 praescribit
726 3803 849 3880 Cicero,
871 3817 907 3867 ut
929 3804 982 3867 cui
1010 3802 1254 3888 philosophandi
1278 3809 1475 3892 propositum

526 3919 584 3979 est,
601 3906 678 3968 dum
696 3929 745 3967 res
766 3906 903 3968 obscura
923 3919 982 3980 est,
1004 3920 1145 3990 qtraerat3
1169 3906 1248 3970 dum
1270 3910 1478 3992 probabiliter

526 4007 671 4073 elucescit
696 4009 850 4087 veritatis,
878 4007 1069 4091 acquiescat.
1115 4011 1170 4073 Ait
1192 4009 1296 4072 euim:
1331 4015 1400 4076 Nos
1421 4012 1475 4098 qui

527 4109 690 4195 sequimur
720 4107 908 4193 probabilia,
938 4129 994 4170 nec
1025 4106 1109 4171 ultra
1138 4109 1171 4171 id
1202 4109 1288 4192 quod
1313 4111 1475 4194 probabile

525 4211 675 4283 occurrit,
687 4209 835 4293 progredi
849 4223 1067 4294 possumus,et
1077 4207 1218 4271 refellere
1225 4212 1291 4272 siue
1301 4209 1475 4285 iracundia,

526 4328 555 4380 ct
582 4312 680 4375 refelli
705 4313 769 4373 sine
793 4310 967 4395 pertinacia
991 4310 1092 4394 parati
1119 4332 1239 4374 snmus.
1287 4315 1367 4375 Haec
1394 4315 1476 4381 enim
