3550 5467
271 752 338 799 car.
353 731 454 817 xxa]
577 810 590 829 ο
623 748 876 794 eourcnarrcns.
1186 739 1228 796 (ib

272 925 366 983 mum,
377 915 415 968 et
430 904 615 987 proximum
631 902 813 984 sacrilegio:
839 901 915 983 quia
930 900 1013 964 sicut
1022 901 1100 965 illud
1117 904 1223 970 Deum

272 1015 415 1083 attentat,
431 1006 480 1068 ita
494 1016 527 1068 et
541 1004 627 1068 istud
647 1004 837 1088 principem,
852 1023 947 1087 quem
969 1012 1095 1069 constat
1109 1026 1178 1072 esse
1193 1008 1225 1073 in

272 1109 360 1172 terris
376 1107 544 1190 quandam
559 1107 727 1189 imaginem
740 1105 886 1169 Deitatis.
932 1107 976 1170 Et
990 1128 1081 1170 exeo
1096 1109 1226 1193 quidem

272 1206 450 1290 majestatis
480 1205 597 1271 dicitur
625 1206 757 1282 crimen,
787 1204 876 1289 qnod
911 1207 1108 1289 persequitur
1139 1211 1225 1276 illins

272 1307 455 1389 imaginem,
466 1306 523 1390 qui
540 1307 638 1385 solus,
648 1307 731 1370 sicut
739 1307 871 1369 illustris
882 1306 1001 1370 Comes
1018 1309 1226 1392 legecestria

273 1407 446 1482 Robertus,
470 1406 612 1471 modeste
634 1406 894 1489 proconsulatum
918 1427 1032 1487 gerens
1054 1410 1139 1492 apud
1156 1413 1224 1477 Bri-

276 1509 413 1585 tannias,
428 1507 537 1571 dicere
552 1507 729 1584 consuevit,
744 1528 824 1569 verae
839 1520 872 1569 et
889 1507 1037 1589 ingenuae
1053 1509 1227 1593 mejestatis

273 1609 387 1672 retinet
401 1608 576 1673 veritatem.
621 1608 705 1671 Puta
720 1628 795 1670 curn
811 1608 884 1690 quis
907 1607 1056 1673 adversus
1070 1613 1229 1698 principis

275 1711 492 1784 securitatem,
503 1720 559 1773 aut
574 1709 697 1795 populi,
713 1707 791 1792 quid
806 1708 945 1784 molitur,
956 1709 1023 1771 sive
1036 1731 1093 1791 per
1107 1733 1152 1790 se,
1163 1717 1230 1779 sive

275 1830 334 1894 per
355 1811 464 1873 alium.
510 1812 549 1872 ln
579 1808 675 1892 hujus
705 1818 811 1872 autem
838 1808 1058 1889 persecutione
1084 1815 1231 1879 omnibus

276 1932 372 1996 equa
394 1911 539 1976 conditio
562 1925 624 1974 est:
650 1921 682 1973 et
704 1911 891 1992 plerumque
916 1907 962 1986 fit,
984 1922 1018 1974 ut
1040 1932 1100 1977 nec
1123 1918 1232 1981 mortis

277 2013 448 2091 beneficio,
462 2014 496 2076 in
520 2014 570 2076 his
591 2014 684 2077 etiarn
709 2032 791 2095 quos
813 2033 909 2074 nemo
932 2014 1083 2078 convenit
1101 2015 1134 2079 in
1157 2019 1232 2100 vita,

279 2115 461 2177 liberentur.
507 2113 573 2176 Sed
589 2111 747 2176 convictis
766 2112 899 2173 mortuis
919 2112 1043 2175 illorum
1067 2112 1234 2182 damnatur

278 2214 443 2288 momoria,
469 2223 502 2275 et
531 2215 618 2276 bona
643 2211 884 2275 successoribus
909 2212 1100 2278 auferuntur.
1147 2218 1232 2282 Nam

278 2336 319 2377 ex
335 2335 400 2398 quo
416 2313 695 2377 sceleratissimum
717 2313 789 2396 quis
811 2311 978 2375 consilinm
1001 2316 1098 2397 cepit,
1114 2319 1232 2384 exinde

278 2414 519 2501 quodammodo
541 2436 599 2478 sua
621 2426 727 2478 mente
748 2414 878 2497 punitus
900 2427 958 2478 est.
1005 2416 1057 2478 Ex
1074 2439 1138 2501 quo
1161 2422 1233 2504 quis

277 2519 341 2581 tale
360 2517 480 2581 crimen
501 2516 672 2594 contraxit,
693 2537 798 2600 neque
819 2517 970 2593 alienare,
992 2538 1098 2602 neque
1121 2543 1230 2586 manu.

280 2618 404 2680 mittere
419 2639 516 2700 posse
535 2628 673 2695 constat,
688 2638 749 2680 nec
772 2617 800 2680 ei
817 2617 940 2678 solvere
957 2617 1030 2699 jure
1045 2617 1232 2686 debitorem.

278 2719 407 2784 Famosi
430 2740 568 2803 quoque,
583 2721 639 2802 qui
659 2720 738 2783 alias
752 2719 807 2804 jus
822 2716 998 2781 accusandi
1018 2740 1082 2782 non
1104 2722 1234 2804 habent,

279 2821 348 2884 sine
365 2821 431 2884 ulla
451 2818 650 2883 dubitatione
668 2819 720 2882 hic
737 2817 967 2891 admittuntur3
989 2816 1045 2880 sed
1061 2829 1094 2882 et
1108 2822 1235 2904 milites,

279 2922 333 3004 qui
349 2920 432 2983 alias
446 2940 561 2982 causas
571 2918 744 2983 defendere
757 2940 822 2981 non
835 2929 980 3004 possunt.
1012 2919 1095 2983 Nem
1108 2925 1164 3005 qui
1174 2947 1234 3010 pro

280 3044 360 3108 pace
369 3023 546 3099 excubant,
555 3023 657 3104 magis
673 3022 836 3105 magisque
849 3020 891 3084 ad
903 3021 987 3085 hanc
997 3025 1234 3091 accusationem

280 3123 471 3190 admittendi
487 3136 570 3187 sunt
616 3125 704 3187 Servi
722 3143 851 3206 quoque
867 3120 1015 3184 dominos
1030 3124 1163 3188 licenter
1182 3127 1234 3191 de-

282 3227 398 3301 serunt,
424 3236 457 3288 et
486 3225 593 3288 liberti
624 3237 786 3308 patronos.
831 3223 907 3284 Hoc
937 3232 1044 3285 tamen
1072 3225 1191 3290 crimen
1218 3251 1238 3292 a

275 3327 447 3412 judicibus
460 3347 526 3389 non
542 3328 575 3390 in
586 3327 791 3390 occasionem
803 3326 845 3387 ob
860 3323 1048 3408 principalis
1062 3325 1236 3409 majestatis

283 3430 519 3493 venerationem
535 3428 719 3492 habendum
731 3439 790 3501 est,
804 3426 861 3491 sed
877 3428 910 3488 in
924 3426 1062 3489 veritate.
1108 3417 1193 3495 Nem
1204 3446 1237 3496 et

285 3528 464 3616 spectanda
478 3540 526 3595 est
536 3551 672 3614 persona
682 3551 723 3592 an
739 3529 879 3613 potuerit
894 3527 1006 3604 facere,
1019 3539 1101 3591 etan
1118 3531 1237 3613 fecerit,

281 3653 321 3695 an
353 3631 552 3712 cogitaverit,
579 3646 611 3694 et
636 3653 676 3695 an
708 3642 877 3713 antequam
902 3628 964 3691 hoc
991 3635 1237 3714 praesumpserit,

283 3754 369 3797 saum
386 3733 502 3796 mentis
513 3733 617 3796 fuerit.
664 3734 735 3795 Nec
752 3731 910 3794 lubricum
923 3730 1091 3811 linguaead
1109 3753 1235 3815 poenanr

283 3832 378 3896 facile
410 3831 600 3895 trahendum
630 3844 698 3893 est:
737 3850 930 3914 quamquam
966 3830 1051 3892 enim
1080 3837 1237 3899 temerarii

282 3954 379 4018 poena
393 3933 460 3996 sint
474 3932 576 4015 digni,
592 3943 697 3996 tamen
713 3942 746 3994 et
761 3931 825 3994 iilis
840 3930 1037 4012 parcendum
1054 3944 1111 4010 est,
1128 3933 1154 3997 si
1169 3957 1233 3999 non

283 4035 345 4098 tale
368 4034 408 4098 sit
440 4031 605 4110 delictum,
627 4031 715 4115 quod
745 4032 795 4094 rel
825 4051 865 4093 cx
895 4031 1052 4115 scriptura
1080 4032 1160 4114 legis
1182 4034 1237 4098 de·

283 4136 429 4213 scendat,
454 4136 504 4197 rel
527 4135 612 4218 quod
636 4133 677 4197 ed
700 4133 886 4217 exemplum
909 4134 988 4216 legis
1007 4132 1239 4197 vindicandum

283 4251 339 4302 est
387 4236 573 4301 Audiuntur
587 4247 619 4299 et
639 4235 786 4298 mulieres
806 4235 840 4297 iu
860 4235 947 4296 lmsoe
967 4234 1139 4315 majestatis
1154 4254 1239 4315 qure-

285 4339 399 4402 stione.
448 4335 533 4400 Nam
565 4337 815 4419 conjurationem
848 4335 949 4413 Sergii
976 4331 1123 4396 caritinae
1152 4334 1241 4398 Julia

324 4459 399 4506 vol..
424 4457 468 4502 ιν.
768 4454 786 4496 r
