3550 5467
391 747 469 792 cre.
485 727 574 806 xm]
765 741 1022 787 rourcmrrcus.
1292 728 1355 788 829

393 893 543 960 Eusebio
574 892 775 971 Caesariensi,
803 894 914 978 paucis
949 891 1102 975 aperiam,
1134 891 1228 977 cujus
1266 888 1362 954 verba

395 1009 473 1061 sunt
489 994 559 1057 haec
581 994 663 1058 iibro
687 996 791 1068 tertio,
814 993 918 1077 capite
941 992 1064 1058 decimo
1085 1005 1226 1058 octavu·
1256 993 1356 1078 Apud

395 1097 502 1183 ipsum
516 1118 593 1160 vero
608 1095 828 1160 Domitianum
844 1116 946 1179 quum
958 1094 1104 1180 jussisset
1112 1117 1222 1158 omnes
1231 1096 1357 1180 perimi,

395 1198 455 1282 qui
479 1196 521 1260 de
542 1219 658 1282 genere
680 1195 801 1275 David,
823 1209 855 1260 et
877 1196 965 1278 regia
994 1197 1093 1282 stirpe
1115 1196 1355 1278 descenderant,

396 1296 483 1365 sicut
498 1312 593 1359 vetus
607 1295 703 1359 babet
725 1295 865 1373 traditio,
888 1293 986 1358 delati
1009 1308 1084 1359 sunt
1106 1296 1238 1379 quidum
1262 1297 1355 1383 quasi

397 1410 506 1461 essent
526 1395 565 1459 de
580 1399 765 1482 posteritate
780 1395 887 1473 Judoe,
907 1417 1003 1479 quem
1024 1395 1154 1459 fratrem
1173 1397 1271 1462 fuisse
1287 1400 1355 1463 Sal-

397 1497 520 1563 satoris
535 1495 709 1561 secundum
725 1520 850 1561 carnem
867 1495 1009 1561 tradunt.
1053 1498 1247 1584 Duplicique
1263 1521 1355 1584 urge-

398 1597 520 1661 buntur
531 1598 662 1674 invidia,
675 1597 774 1662 veluti
787 1598 893 1684 quiex
908 1620 1023 1682 genere
1032 1598 1150 1676 David,
1160 1613 1191 1664 et
1201 1623 1241 1663 ex
1252 1600 1354 1686 ipsius

402 1698 525 1764 Christi
543 1699 783 1785 propinquitate
793 1699 1032 1764 descenderant.
1057 1703 1137 1777 Quae
1151 1701 1355 1788 Hegesippus

398 1801 613 1887 perordinem
628 1802 678 1865 his
689 1801 794 1865 verbis
805 1801 929 1866 reseret.
953 1800 1068 1865 Adhuc
1083 1815 1189 1870 autem
1206 1803 1355 1869 virebant

400 1900 535 1988 quidam
552 1903 591 1966 de
606 1902 724 1966 carnali
741 1903 862 1967 domini
877 1902 975 1967 nostri
997 1925 1122 1988 genere,
1142 1919 1273 1991 nepotes
1287 1906 1357 1991 ejus

400 2003 511 2080 Judae,
534 2005 590 2090 qui
611 2004 785 2068 secundum
808 2026 934 2067 carnem
952 2005 1049 2070 frater
1070 2007 1199 2070 Domini
1225 2007 1354 2086 dicitur,

401 2128 482 2191 quos
508 2104 640 2191 quidem
655 2106 851 2182 detulerunt,
879 2120 1030 2190 tanquam
1056 2130 1095 2172 ex
1124 2109 1231 2173 David
1258 2110 1356 2198 stirpe

401 2208 574 2272 venientes.
615 2211 684 2272 Hos
694 2207 835 2292 quidam,
847 2206 1028 2274 Revocatus
1039 2209 1173 2285 nomine,
1183 2211 1239 2296 qui
1248 2212 1281 2276 in
1293 2214 1355 2278 hoc

403 2308 521 2374 missus
546 2309 662 2385 fuerat,
688 2309 836 2394 perducit
862 2309 903 2373 ad
935 2310 1154 2376 Domitianum
1186 2316 1355 2382 Caesarem.

405 2414 491 2476 Nam
503 2424 536 2476 et
546 2412 615 2497 ipse
627 2410 818 2475 formidabat
830 2411 870 2475 de
879 2411 1020 2477 adventu
1031 2414 1164 2491 Christi,
1179 2416 1262 2481 sicut
1276 2430 1309 2482 et
1323 2418 1356 2481 in

403 2511 497 2575 initio
515 2511 671 2576 Herodes.
698 2512 891 2596 Interrogati
903 2535 1007 2596 ergon
1021 2513 1205 2576 Domitiano
1217 2515 1242 2579 si
1253 2530 1359 2583 essent

405 2632 446 2674 ex
457 2611 581 2675 familia
591 2611 709 2688 David,
721 2611 854 2675 confessi
862 2624 945 2676 sunt.
963 2611 1059 2673 Tunc
1068 2612 1217 2694 quaesivit
1229 2616 1358 2698 quentis

405 2712 668 2797 possessionibus,
682 2712 730 2776 vel
746 2716 874 2799 quantis
886 2711 1092 2776 facultatibus
1102 2725 1205 2776 essent
1221 2715 1356 2798 praediti.

406 2813 514 2877 Atilii
530 2812 773 2900 responderunt,
784 2814 872 2900 quod
889 2812 1033 2898 utrisque
1048 2835 1109 2877 non
1126 2814 1263 2899 amplius
1276 2831 1358 2882 esset

405 2915 541 2984 inbonis
551 2916 1032 2992 novemmillibusdenariorum,
1042 2913 1359 3003 exquibus,singuiis

407 3017 513 3082 media
528 3038 601 3101 pars
616 3040 675 3103 pro
689 3020 835 3102 portione
852 3017 1032 3082 deberetur.
1079 3021 1195 3103 Neque
1212 3017 1280 3082 brec
1298 3020 1358 3084 sibi

406 3118 440 3181 in
449 3117 588 3203 pecunia
598 3117 780 3194 subsistere,
793 3117 847 3180 sed
862 3117 895 3181 in
908 3117 1115 3207 aestimatione
1124 3130 1218 3183 terrae
1228 3141 1300 3204 quoe
1315 3123 1360 3184 eis

407 3231 501 3296 esset,
528 3218 560 3281 in
582 3216 798 3303 quadraginta
818 3217 924 3280 minus
953 3241 1018 3281 uno
1043 3219 1156 3304 jugere
1178 3220 1359 3298 constituta,

407 3342 465 3406 per
495 3342 593 3405 quam
626 3321 693 3384 suis
718 3342 787 3383 earn
821 3322 968 3384 manibus
998 3318 1187 3398 excolentes,
1217 3319 1267 3382 vel
1299 3320 1360 3406 ipsi

409 3420 582 3497 alerentur,
605 3419 654 3484 vel
674 3421 796 3485 tributa
817 3421 1043 3505 expenderent.
1088 3420 1190 3486 Simul
1212 3433 1245 3486 et
1267 3433 1361 3488 testes

410 3522 525 3586 ruralis
539 3535 571 3586 et
586 3521 694 3586 diurni
709 3522 824 3609 operis,
842 3545 955 3585 manus
970 3521 1076 3586 labore
1092 3521 1220 3608 rigidas,
1235 3537 1267 3589 et
1283 3524 1362 3591 calle

410 3622 596 3699 obduratas,
611 3623 825 3709 proferebant.
872 3621 1066 3709 Interrogati
1083 3647 1156 3688 vero
1176 3625 1216 3689 de
1231 3626 1363 3693 Christo

412 3724 507 3809 quale
529 3725 569 3789 sit
590 3747 723 3810 regnum
745 3727 825 3812 ejus,
842 3726 892 3789 vel
912 3727 986 3812 quis
1006 3728 1084 3813 ipse,
1107 3741 1164 3792 aut
1185 3729 1280 3808 unde,
1305 3743 1362 3796 aut

413 3826 716 3912 quandorenturus:
732 3827 1139 3914 responderunt,quodnon
1150 3831 1363 3918 hujusmundi

413 3929 1362 4017 regnum,nequehujusterraeeidesigneturimperium,sed

413 4030 837 4117 coelesteei,peraugelorum
846 4031 1029 4106 ministeria,
1037 4045 1245 4115 praeparetur.
1259 4030 1365 4104 Quan-

414 4131 455 4195 do
469 4133 586 4197 sciiicet
607 4133 804 4197 adventurus
826 4133 857 4195 in
881 4131 995 4215 gloria,
1015 4130 1056 4194 de
1078 4132 1158 4195 vivis
1180 4152 1216 4193 ac
1230 4129 1364 4193 mortuis

411 4233 580 4316 judicabit,
602 4246 634 4297 et
650 4235 796 4297 restituet
812 4229 985 4312 unicuique
1008 4251 1067 4314 pro
1082 4230 1174 4294 factis
1195 4242 1227 4290 et
1243 4226 1365 4292 meritis

417 4332 489 4397 suis.
536 4333 586 4399 Ad
603 4333 670 4396 baec
693 4332 908 4402 Domitianus,
923 4348 1024 4411 quum
1037 4330 1068 4390 in
1079 4331 1123 4392 eis
1134 4325 1211 4391 nihil
1227 4324 1366 4391 criminis
