3550 5467
525 749 567 805 70
774 760 911 806 roruurs
925 759 1200 805 saumusuiuusrs
1336 739 1419 820 [mn.
1431 756 1476 803 vr.

527 935 587 977 nec
614 915 709 990 auris,
731 936 791 977 nec
818 914 1009 994 lingun‚aut
1030 912 1156 995 siquid
1178 912 1265 976 aliud
1287 913 1320 975 iu
1344 931 1478 993 corpore

527 1015 711 1097 reipublice
726 1014 824 1096 degit,
838 1036 987 1077 securum
1003 1027 1062 1090 est,
1076 1015 1104 1076 si
1119 1015 1264 1095 insurgat
1279 1015 1313 1076 in
1329 1014 1479 1087 animum,

527 1117 569 1178 ob
584 1118 716 1197 gratiam
731 1117 823 1199 cujus
837 1116 901 1199 ipsi
915 1118 1001 1179 oculi
1015 1116 1216 1179 effodiuntur.
1254 1117 1361 1188 Quum
1373 1124 1479 1177 nutem

529 1217 619 1280 Deus
644 1218 815 1281 offenditur
839 1221 944 1281 abusu
965 1218 1143 1289 criminum,
1167 1230 1222 1279 aut
1243 1217 1380 1280 ecclesia
1402 1236 1478 1278 con·

527 1320 682 1395 sulcatur,
705 1320 801 1382 totius
823 1319 938 1381 animae
959 1317 1155 1399 periclitatur
1175 1318 1272 1381 salus.
1316 1315 1413 1389 Quod
1434 1316 1481 1378 ita

528 1419 667 1482 alienum
687 1432 736 1480 est
749 1416 792 1481 ab
807 1418 915 1480 officio
935 1418 1101 1500 principis,
1117 1432 1153 1481 ut
1167 1419 1315 1499 quotiens
1331 1418 1392 1479 ists
1406 1436 1479 1499 pro·

529 1521 661 1582 veniunt
675 1520 709 1581 in
725 1520 900 1602 republica,
909 1528 964 1581 aut
978 1519 1109 1581 omnino
1119 1540 1187 1581 non
1202 1519 1317 1582 sentire
1333 1517 1482 1582 credatur

529 1620 691 1703 princeps,
715 1633 770 1683 aut
792 1619 939 1696 dormire,
960 1633 1018 1683 aut
1040 1622 1072 1682 iu
1100 1620 1271 1684 diversorio
1297 1641 1378 1684 esse.
1423 1619 1480 1682 Sol

528 1722 649 1785 eminet
670 1722 834 1797 universis,
850 1733 884 1784 ut
898 1733 1017 1784 cuncta
1038 1721 1157 1795 videat,
1177 1736 1210 1784 et
1231 1721 1387 1805 dijudicet
1409 1720 1480 1784 uni·

532 1844 629 1887 verse.
675 1824 783 1887 Solem
798 1824 942 1897 alterurn,
956 1823 1135 1906 principem
1150 1844 1220 1887 esse
1236 1823 1342 1887 credo.
1380 1824 1482 1886 Recte

531 1924 642 2006 utique
656 1925 742 1999 facit,
758 1945 857 2006 quum

670 2054 799 2121 Ignarum
811 2053 882 2106 fucos
894 2072 973 2126 pecus
985 2072 1001 2106 a
1013 2053 1171 2126 praesepibus
1182 2060 1261 2117 arcet,

532 2194 586 2276 qui
603 2193 738 2255 alvearia
757 2192 906 2274 spoliant,
920 2204 952 2257 et
974 2192 1127 2277 quicquid
1150 2191 1244 2253 dulce
1263 2205 1322 2267 est,
1337 2195 1486 2275 ebibunt,

531 2305 585 2355 aut
606 2300 781 2373 asportant.
827 2292 929 2355 Recte
945 2292 1021 2355 lacit
1035 2312 1132 2374 quum
1155 2290 1301 2353 ccclesiae
1317 2309 1484 2374 promovet

531 2393 950 2476 culmen‚quumreligionis
960 2392 1315 2475 dilatatcullum,quum
1326 2398 1485 2477 superbos

531 2495 687 2572 humiliat,
701 2508 733 2558 et
753 2497 873 2559 exaltat
895 2495 1041 2569 humiles,
1056 2493 1227 2556 munificus
1246 2495 1280 2557 in
1302 2517 1432 2577 egenos,
1447 2500 1480 2562 in

531 2598 680 2681 copiosos
704 2598 870 2680 frugalior5
906 2617 1003 2679 quum
1029 2596 1158 2658 virtutes
1184 2598 1326 2678 praemio,
1352 2614 1384 2662 et
1407 2601 1485 2665 vitis

534 2721 625 2782 aequa
637 2721 805 2783 poenarum
818 2701 911 2763 lance
921 2712 1110 2772 remunerat,
1122 2719 1220 2782 quum
1228 2699 1352 2782 justitia
1368 2723 1481 2786 usque-

531 2823 660 2886 quaque
676 2802 820 2865 ambulnt
834 2813 907 2865 ante
922 2820 1006 2874 eum,
1022 2810 1055 2862 et
1070 2800 1163 2881 pouit
1176 2801 1210 2862 in
1226 2801 1277 2863 ria
1292 2803 1484 2884 prudentiae,

531 2906 725 2987 aliarumque
742 2905 901 2979 virtutum,
916 2922 1044 2984 gressus
1059 2923 1145 2965 suos.
1191 2901 1353 2986 Equidem

636 3035 679 3086 Sic
692 3034 786 3104 petitur
798 3031 902 3096 celum,
914 3049 966 3084 nou
977 3030 1083 3086 utlernt
1095 3033 1181 3085 Ossan
1194 3032 1329 3106 Olympus,

670 3121 827 3186 Summaque
840 3117 962 3171 Peliacus
973 3118 1059 3172 sidere
1070 3126 1164 3187 tangat
1175 3136 1251 3192 apex.

531 3245 644 3328 Inquit
658 3241 840 3322 Sapientia:
865 3240 897 3301 N
899 3262 917 3302 e
933 3243 1091 3321 gloriosus
1106 3263 1260 3326 appareas
1275 3263 1382 3307 coram
1396 3267 1482 3328 rege,

531 3364 564 3410 et
591 3347 625 3407 in
654 3345 727 3404 loco
756 3362 943 3421 magnorum
972 3365 1014 3407 ne
1039 3345 1173 3407 steteris.
1218 3345 1334 3427 quue
1360 3361 1485 3429 spectet

531 3443 686 3528 sapientis
700 3440 855 3517 edictum,
866 3456 902 3506 ut
917 3444 1061 3528 quisquis
1075 3465 1140 3507 non
1155 3443 1339 3508 humilietur
1353 3448 1385 3508 in
1403 3449 1484 3514 facie

530 3542 697 3631 principis,
719 3542 829 3605 merita
851 3545 1039 3609 confusione
1059 3544 1230 3619 obductus,
1253 3545 1363 3625 glorio,
1386 3571 1484 3632 qnam

532 3644 709 3727 usurparit,
729 3641 847 3721 dignus
867 3657 917 3709 est
941 3645 1083 3728 spoliari.
1129 3646 1300 3710 Honorum
1325 3651 1485 3734 siquidem

531 3748 716 3812 distributor
738 3757 798 3821 ost,
820 3759 853 3810 et
874 3747 950 3810 dum
972 3756 1056 3809 recte
1081 3745 1238 3811 ministrat
1260 3750 1486 3834 principatum,

532 3869 633 3935 penes
646 3869 718 3910 eum
734 3858 782 3910 est
796 3863 949 3931 perpetuu
959 3846 1154 3929 dispensatio
1171 3871 1345 3914 munerum.
1383 3855 1486 3919 Recto

533 3951 661 4037 quidem
671 3947 1354 4033 ministratquumeopresidente‚laetautur
1363 3959 1487 4039 populi,

534 4068 568 4120 et
590 4055 623 4117 in
649 4074 749 4132 regno
775 4050 934 4134 equitatis
959 4050 1057 4113 totins
1082 4064 1171 4116 terrm
1195 4054 1330 4118 latitudo
1352 4060 1486 4122 exultat.

536 4159 704 4240 Perpetuo,
732 4153 874 4235 inquam,
905 4151 981 4234 quia
1008 4162 1043 4214 ut
1071 4155 1225 4238 scriptum
1256 4173 1315 4234 est,
1344 4180 1401 4221 rex
1430 4162 1487 4243 qui

528 4260 655 4343 judicat
670 4258 702 4318 in
718 4255 845 4316 veritate
866 4274 1032 4336 pauperes,
1047 4255 1180 4327 thronus
1199 4258 1268 4342 ejus
1283 4261 1316 4321 in
1334 4274 1486 4325 eternum

536 4359 719 4424 firmabitur.
764 4355 845 4427 Quis
868 4375 943 4438 crgo
966 4355 1118 4421 honorcnr
1149 4360 1293 4425 detrahat
1323 4363 1365 4438 ei,
1391 4386 1486 4446 quem
