3550 5467
409 788 476 833 can.
493 770 541 850 v.]
758 787 1009 834 rom’cuarrcns.
1299 779 1363 838 ata

407 938 504 1003 ditate
520 938 643 1004 fecisse.
680 938 764 1002 Huic
779 962 854 1024 ergo
871 940 949 1004 vitio
963 963 1025 1003 non
1042 938 1142 1004 solum
1159 964 1220 1004 uon
1238 946 1360 1007 resiste·

408 1039 494 1116 bant,
518 1062 632 1105 verum
655 1041 750 1104 etiam
773 1039 806 1102 id
833 1041 1038 1104 excitandum
1065 1055 1096 1103 et
1122 1041 1359 1106 accendendum

407 1163 470 1204 esse
485 1142 668 1221 censebant,
683 1154 833 1226 putantes
849 1141 908 1204 hoo
923 1142 1107 1227 reipublicoe
1121 1142 1281 1227 expedire.
1321 1145 1360 1208 In

408 1241 496 1306 libris
518 1266 648 1329 quoque
668 1242 883 1328 Philosophiae
897 1243 981 1307 idem
1000 1243 1130 1308 Tullius
1152 1245 1233 1308 lianc
1252 1244 1362 1311 intulit

409 1342 617 1408 universalem
645 1344 888 1431 generalemque
920 1344 1123 1409 sententiam:
1165 1343 1276 1408 Honos
1305 1344 1362 1410 alit

408 1459 502 1522 artes,
517 1459 549 1509 et
564 1444 667 1530 gloria
681 1446 900 1510 accenduntur
915 1467 1026 1511 omnes
1045 1446 1086 1508 ad
1104 1445 1222 1523 studia,
1241 1447 1363 1532 jacent-

408 1567 469 1630 que
478 1569 515 1608 ea
527 1569 661 1631 semper,
672 1570 747 1632 quae
757 1546 844 1633 apud
858 1570 1001 1632 quosque
1013 1547 1246 1632 improbantur.
1274 1549 1362 1612 Huic

409 1668 483 1730 ergo
505 1649 677 1734 cupiditati
699 1649 811 1713 melius
825 1665 872 1713 est
896 1650 1039 1712 resistere
1062 1651 1129 1714 sine
1151 1649 1360 1725 dubitatione,

407 1773 502 1836 quam
519 1751 642 1815 cedere.
674 1752 723 1817 Ut
735 1755 817 1816 enim
831 1752 875 1816 ait
891 1752 1006 1816 beatus
1019 1752 1222 1837 Augustinus
1232 1752 1264 1814 in
1280 1751 1362 1817 libro

407 1852 447 1915 de
461 1852 590 1918 civitate
608 1853 681 1931 Dei,
692 1867 781 1918 tanto
792 1853 928 1939 quisque
943 1866 991 1918 est
1004 1858 1074 1918 Deo
1086 1854 1229 1929 similior,
1239 1867 1362 1939 quanto

406 1969 437 2020 et
452 1957 494 2021 ab
512 1956 571 2020 hac
586 1956 787 2022 immunditia
803 1956 960 2021 mundior.
993 1959 1075 2034 Quae
1089 1958 1120 2021 in
1138 1957 1196 2020 hac
1212 1958 1288 2037 vita,
1302 1961 1361 2025 etsi

407 2079 467 2120 non
484 2058 632 2123 funditus
643 2058 821 2123 eradicatur
835 2083 873 2123 ex
891 2060 996 2141 corde,
1008 2062 1086 2147 quia
1098 2062 1207 2125 beatos
1222 2076 1254 2126 et
1265 2064 1360 2148 proli·

407 2159 524 2223 cientes
547 2159 668 2223 animos
693 2172 814 2225 tentare
839 2184 902 2225 non
928 2176 1041 2243 cessat,
1064 2161 1173 2226 saltem
1200 2164 1360 2251 cupiditas

405 2261 516 2345 gloriae
546 2274 716 2348 superetur
744 2262 914 2328 dilectione
947 2265 1094 2350 justitiae.
1139 2266 1222 2329 Nam
1253 2269 1360 2332 sanius

406 2362 504 2437 videt,
528 2363 586 2448 qui
609 2376 641 2426 et
664 2385 801 2426 amorem
825 2364 929 2429 laudis
954 2366 1067 2430 vitium
1094 2390 1160 2431 esse
1186 2368 1359 2452 cognoscit.

407 2465 476 2529 Nec
499 2465 597 2528 solius
619 2466 803 2550 Augustini,
823 2467 876 2530 sed
899 2468 994 2532 etiam
1016 2470 1184 2553 gentilium
1204 2470 1360 2534 sententia

406 2580 465 2645 est,
481 2568 614 2650 gloriam
632 2568 713 2631 hanc
728 2567 805 2632 nihil
823 2568 1003 2646 aliudesse,
1021 2592 1116 2654 quam
1141 2570 1263 2633 ventosi
1279 2593 1359 2654 quo-

406 2669 578 2733 dammodo
593 2670 723 2756 spiritus
740 2683 908 2746 tumorem,
925 2671 1014 2734 fumo
1030 2670 1235 2734 simillimum.
1274 2670 1359 2735 Nam

406 2786 438 2835 et
464 2772 575 2836 fumus
601 2773 766 2836 oculorum
793 2772 945 2837 obtundit
971 2773 1085 2850 aciem,
1110 2785 1141 2836 et
1168 2793 1234 2856 quo
1259 2773 1360 2856 magis

406 2875 558 2954 ascendit,
567 2873 662 2939 citius
674 2875 798 2949 delicit;
822 2889 853 2939 et
866 2897 931 2960 quo
944 2875 1044 2960 magis
1055 2874 1215 2960 dejicitur,
1224 2873 1361 2959 amplius

406 2977 571 3041 solidatur.
596 2980 702 3054 Quum
713 2981 797 3041 enim
809 2977 848 3041 ad
861 2976 986 3040 excelsa
995 2975 1359 3062 pervenerit,evanescit.

406 3082 506 3144 Recte
532 3079 673 3164 quidem,
696 3102 733 3142 eo
761 3079 849 3165 quod
878 3102 896 3141 a
921 3079 1063 3164 principe
1090 3076 1189 3141 totius
1212 3077 1361 3142 vanitatis

406 3181 504 3246 traxit
515 3181 678 3265 originem.
710 3182 821 3246 Nimio
833 3182 881 3244 sui
898 3182 1070 3267 capiuntur
1085 3203 1202 3254 amore,
1214 3181 1270 3265 qui
1282 3179 1360 3245 dum

405 3283 532 3346 “nubes
547 3297 580 3347 et
595 3284 701 3347 inania
712 3284 875 3368 captant,”
886 3295 918 3346 et
931 3282 1034 3345 nescio
1045 3282 1123 3367 quid
1140 3282 1172 3344 in
1182 3304 1278 3345 manu
1289 3282 1361 3346 soli-

405 3385 483 3450 dum
496 3386 735 3471 apprehendere
745 3384 933 3462 moliuntur,
942 3384 1176 3449 obliviscuntur
1186 3385 1246 3461 sui,
1257 3407 1359 3471 quum

407 3501 514 3552 tamen
526 3487 604 3551 nihil
621 3487 719 3563 aliud,
730 3508 825 3573 quam
843 3509 875 3549 se
890 3486 993 3550 oculis
1004 3499 1216 3550 contueantur
1232 3487 1359 3571 iniquis.
1393 3473 1398 3482 ’

405 3589 532 3653 Nolunt
557 3588 640 3652 enim
667 3587 905 3675 apprehendere
930 3586 1016 3672 quod
1044 3601 1130 3663 sunt,
1155 3602 1186 3652 et
1212 3589 1292 3654 illud
1318 3591 1360 3654 ad

405 3690 657 3755 emendationem
677 3713 752 3753 vero
767 3690 892 3777 judicio
910 3690 1046 3765 intueri3
1074 3691 1126 3753 sed
1143 3691 1360 3776 phantasticas

405 3790 564 3856 duntaxat
575 3815 665 3856 vanae
673 3792 831 3878 opinionis
839 3806 1015 3878 sequuntur
1028 3792 1166 3856 umbras.
1194 3793 1358 3878 Siquidem

404 3894 483 3957 alios
502 3909 657 3979 spernunt
673 3917 741 3981 prae
761 3916 804 3969 se,
819 3909 851 3959 et
872 3895 1013 3981 aspirant
1033 3894 1074 3958 ad
1090 3895 1305 3981 impossibilia,
1319 3896 1361 3960 de

404 3995 509 4059 fallaci
526 4018 631 4060 rerum
648 4010 876 4080 praesumentes
891 3996 1038 4081 imagine.
1077 3997 1128 4060 Sic
1145 3997 1312 4061 Narcissus
1327 3997 1359 4060 in

405 4097 537 4172 sabulis,
553 4097 632 4161 dum
645 4121 726 4162 vana
741 4097 789 4160 sui
805 4098 942 4181 imagine
953 4098 1091 4182 capitur,
1107 4098 1174 4160 abit
1189 4099 1222 4160 in
1238 4095 1361 4173 liorem,

406 4214 438 4264 et
453 4201 532 4264 dum
550 4200 690 4286 seipsum
705 4199 927 4284 imprudenter
946 4198 1072 4287 aspicit,
1085 4197 1144 4260 llos
1164 4197 1228 4260 sine
1252 4195 1359 4259 fructu

406 4301 575 4387 pueriliter
589 4301 756 4363 evanescit.
788 4298 967 4364 Multorum
981 4320 1111 4382 quoque
1124 4297 1183 4360 luit
1199 4293 1317 4379 opinio,
1329 4310 1360 4360 et

406 4426 517 4467 eorum
529 4402 586 4487 qui
599 4400 630 4465 in
642 4402 740 4466 veteri
753 4399 953 4484 philosophia
965 4421 1032 4483 prae
1043 4399 1165 4461 caeteris
1174 4395 1361 4477 floruerunt,
