<?xml version="1.0" encoding="UTF-8"?>
<!DOCTYPE html PUBLIC "-//W3C//DTD XHTML 1.0 Transitional//EN"
    "http://www.w3.org/TR/xhtml1/DTD/xhtml1-transitional.dtd">
<html xmlns="http://www.w3.org/1999/xhtml" xml:lang="en" lang="en">
 <head>
  <title>
</title>
<meta http-equiv="Content-Type" content="text/html;charset=utf-8" />
  <meta name='ocr-system' content='tesseract 3.04.00' />
  <meta name='ocr-capabilities' content='ocr_page ocr_carea ocr_par ocr_line ocrx_word'/>
</head>
<body>
  <div class='ocr_page' id='page_1' title='image "./joannissaresber17johngoog_0137.png"; bbox 0 0 3550 5467; ppageno 0'>
   <div class='ocr_carea' id='block_1_1' title="bbox 408 722 1361 802">
    <p class='ocr_par' dir='ltr' id='par_1_1' title="bbox 408 722 1361 802">
     <span class='ocr_line' id='line_1_1' title="bbox 408 722 1361 802; baseline -0.01 -15"><span class='ocrx_word' id='word_1_1' title='bbox 408 741 478 787; x_wconf 77' lang='lat' dir='ltr'><strong>one.</strong></span> <span class='ocrx_word' id='word_1_2' title='bbox 494 722 575 802; x_wconf 78' lang='lat' dir='ltr'><strong>xm]</strong></span> <span class='ocrx_word' id='word_1_3' title='bbox 760 738 1014 785; x_wconf 75' lang='lat' dir='ltr'><strong>eomcmmcus</strong></span> <span class='ocrx_word' id='word_1_4' title='bbox 1302 730 1361 790; x_wconf 75' lang='lat'><strong>127</strong></span> 
     </span>
    </p>
   </div>
   <div class='ocr_carea' id='block_1_2' title="bbox 403 889 1365 4421">
    <p class='ocr_par' dir='ltr' id='par_1_2' title="bbox 403 889 1364 4210">
     <span class='ocr_line' id='line_1_2' title="bbox 403 889 1360 978; baseline 0.001 -22"><span class='ocrx_word' id='word_1_5' title='bbox 403 893 539 978; x_wconf 83' lang='lat' dir='ltr'><strong>imperio</strong></span> <span class='ocrx_word' id='word_1_6' title='bbox 562 890 772 955; x_wconf 85' lang='lat' dir='ltr'><strong>consumserit</strong></span> <span class='ocrx_word' id='word_1_7' title='bbox 797 892 941 953; x_wconf 71' lang='lat' dir='ltr'><strong>Caesarea</strong></span> <span class='ocrx_word' id='word_1_8' title='bbox 963 889 1097 963; x_wconf 89' lang='lat' dir='ltr'><strong>domus;</strong></span> <span class='ocrx_word' id='word_1_9' title='bbox 1129 893 1203 976; x_wconf 87' lang='lat' dir='ltr'><strong>plus</strong></span> <span class='ocrx_word' id='word_1_10' title='bbox 1224 892 1360 957; x_wconf 87' lang='lat' dir='ltr'><strong>effusum</strong></span> 
     </span>
     <span class='ocr_line' id='line_1_3' title="bbox 404 990 1362 1078; baseline 0.001 -22"><span class='ocrx_word' id='word_1_11' title='bbox 404 993 561 1078; x_wconf 72' lang='lat' dir='ltr'><strong>pecuniae,</strong></span> <span class='ocrx_word' id='word_1_12' title='bbox 588 1014 684 1077; x_wconf 90' lang='lat' dir='ltr'><strong>quam</strong></span> <span class='ocrx_word' id='word_1_13' title='bbox 715 992 746 1053; x_wconf 92' lang='lat' dir='ltr'><strong>in</strong></span> <span class='ocrx_word' id='word_1_14' title='bbox 774 990 921 1054; x_wconf 91' lang='lat' dir='ltr'><strong>omnibus</strong></span> <span class='ocrx_word' id='word_1_15' title='bbox 947 990 1067 1054; x_wconf 87' lang='lat' dir='ltr'><strong>divitiis</strong></span> <span class='ocrx_word' id='word_1_16' title='bbox 1096 992 1160 1056; x_wconf 90' lang='lat' dir='ltr'><strong>suis</strong></span> <span class='ocrx_word' id='word_1_17' title='bbox 1187 994 1362 1078; x_wconf 81' lang='lat' dir='ltr'><strong>possederit</strong></span> 
     </span>
     <span class='ocr_line' id='line_1_4' title="bbox 406 1091 1364 1181; baseline -0.003 -20"><span class='ocrx_word' id='word_1_18' title='bbox 406 1098 548 1161; x_wconf 73' lang='lat' dir='ltr'><strong>Croesus.</strong></span> <span class='ocrx_word' id='word_1_19' title='bbox 584 1096 668 1159; x_wconf 85' lang='lat' dir='ltr'><strong>Haec</strong></span> <span class='ocrx_word' id='word_1_20' title='bbox 686 1092 768 1155; x_wconf 90' lang='lat' dir='ltr'><strong>enim</strong></span> <span class='ocrx_word' id='word_1_21' title='bbox 788 1092 910 1157; x_wconf 89' lang='lat' dir='ltr'><strong>tamdiu</strong></span> <span class='ocrx_word' id='word_1_22' title='bbox 932 1091 1052 1157; x_wconf 86' lang='lat' dir='ltr'><strong>multos</strong></span> <span class='ocrx_word' id='word_1_23' title='bbox 1075 1094 1190 1171; x_wconf 84' lang='lat' dir='ltr'><strong>tenuit,</strong></span> <span class='ocrx_word' id='word_1_24' title='bbox 1208 1108 1245 1158; x_wconf 90' lang='lat' dir='ltr'><strong>ut</strong></span> <span class='ocrx_word' id='word_1_25' title='bbox 1264 1118 1364 1181; x_wconf 93' lang='lat' dir='ltr'><strong>quum</strong></span> 
     </span>
     <span class='ocr_line' id='line_1_5' title="bbox 405 1193 1362 1277; baseline 0.001 -18"><span class='ocrx_word' id='word_1_26' title='bbox 405 1196 465 1259; x_wconf 89' lang='lat' dir='ltr'><strong>hoc</strong></span> <span class='ocrx_word' id='word_1_27' title='bbox 482 1217 583 1258; x_wconf 92' lang='lat' dir='ltr'><strong>unum</strong></span> <span class='ocrx_word' id='word_1_28' title='bbox 602 1208 668 1260; x_wconf 89' lang='lat' dir='ltr'><strong>tota</strong></span> <span class='ocrx_word' id='word_1_29' title='bbox 684 1193 748 1258; x_wconf 82' lang='lat' dir='ltr'><strong>vita</strong></span> <span class='ocrx_word' id='word_1_30' title='bbox 770 1208 961 1277; x_wconf 86' lang='lat' dir='ltr'><strong>quoererent,</strong></span> <span class='ocrx_word' id='word_1_31' title='bbox 977 1195 1102 1257; x_wconf 89' lang='lat' dir='ltr'><strong>tandem</strong></span> <span class='ocrx_word' id='word_1_32' title='bbox 1125 1216 1182 1258; x_wconf 89' lang='lat' dir='ltr'><strong>nec</strong></span> <span class='ocrx_word' id='word_1_33' title='bbox 1195 1196 1283 1260; x_wconf 93' lang='lat' dir='ltr'><strong>istud</strong></span> <span class='ocrx_word' id='word_1_34' title='bbox 1305 1220 1362 1260; x_wconf 89' lang='lat' dir='ltr'><strong>neo</strong></span> 
     </span>
     <span class='ocr_line' id='line_1_6' title="bbox 404 1294 1360 1380; baseline 0.001 -21"><span class='ocrx_word' id='word_1_35' title='bbox 404 1296 491 1360; x_wconf 86' lang='lat' dir='ltr'><strong>aliud</strong></span> <span class='ocrx_word' id='word_1_36' title='bbox 508 1294 697 1358; x_wconf 82' lang='lat' dir='ltr'><strong>invenirent.</strong></span> <span class='ocrx_word' id='word_1_37' title='bbox 736 1296 781 1358; x_wconf 89' lang='lat' dir='ltr'><strong>Et</strong></span> <span class='ocrx_word' id='word_1_38' title='bbox 804 1296 885 1358; x_wconf 90' lang='lat' dir='ltr'><strong>sorte</strong></span> <span class='ocrx_word' id='word_1_39' title='bbox 908 1295 990 1370; x_wconf 90' lang='lat' dir='ltr'><strong>ideo,</strong></span> <span class='ocrx_word' id='word_1_40' title='bbox 1007 1296 1082 1380; x_wconf 86' lang='lat' dir='ltr'><strong>quia</strong></span> <span class='ocrx_word' id='word_1_41' title='bbox 1103 1297 1279 1361; x_wconf 85' lang='lat' dir='ltr'><strong>curiositati</strong></span> <span class='ocrx_word' id='word_1_42' title='bbox 1298 1320 1360 1360; x_wconf 91' lang='lat' dir='ltr'><strong>non</strong></span> 
     </span>
     <span class='ocr_line' id='line_1_7' title="bbox 407 1396 1363 1482; baseline 0.001 -21"><span class='ocrx_word' id='word_1_43' title='bbox 407 1396 587 1461; x_wconf 88' lang='lat' dir='ltr'><strong>sufficiebat</strong></span> <span class='ocrx_word' id='word_1_44' title='bbox 602 1398 633 1460; x_wconf 94' lang='lat' dir='ltr'><strong>in</strong></span> <span class='ocrx_word' id='word_1_45' title='bbox 658 1398 713 1471; x_wconf 87' lang='lat' dir='ltr'><strong>eis,</strong></span> <span class='ocrx_word' id='word_1_46' title='bbox 730 1396 818 1482; x_wconf 91' lang='lat' dir='ltr'><strong>quod</strong></span> <span class='ocrx_word' id='word_1_47' title='bbox 843 1396 944 1461; x_wconf 89' lang='lat' dir='ltr'><strong>solum</strong></span> <span class='ocrx_word' id='word_1_48' title='bbox 969 1396 1074 1481; x_wconf 85' lang='lat' dir='ltr'><strong>potuit</strong></span> <span class='ocrx_word' id='word_1_49' title='bbox 1090 1397 1230 1462; x_wconf 82' lang='lat' dir='ltr'><strong>inveniri.</strong></span> <span class='ocrx_word' id='word_1_50' title='bbox 1279 1399 1363 1462; x_wconf 93' lang='lat' dir='ltr'><strong>Nam</strong></span> 
     </span>
     <span class='ocr_line' id='line_1_8' title="bbox 407 1496 1362 1583; baseline 0.002 -21"><span class='ocrx_word' id='word_1_51' title='bbox 407 1499 491 1562; x_wconf 85' lang='lat' dir='ltr'><strong>sicut</strong></span> <span class='ocrx_word' id='word_1_52' title='bbox 511 1496 544 1560; x_wconf 93' lang='lat' dir='ltr'><strong>in</strong></span> <span class='ocrx_word' id='word_1_53' title='bbox 564 1497 677 1562; x_wconf 88' lang='lat' dir='ltr'><strong>umbra</strong></span> <span class='ocrx_word' id='word_1_54' title='bbox 695 1497 867 1583; x_wconf 85' lang='lat' dir='ltr'><strong>cujuslibet</strong></span> <span class='ocrx_word' id='word_1_55' title='bbox 887 1497 1039 1582; x_wconf 88' lang='lat' dir='ltr'><strong>corporis,</strong></span> <span class='ocrx_word' id='word_1_56' title='bbox 1052 1498 1172 1562; x_wconf 86' lang='lat' dir='ltr'><strong>frustra</strong></span> <span class='ocrx_word' id='word_1_57' title='bbox 1193 1498 1362 1564; x_wconf 86' lang='lat' dir='ltr'><strong>soliditatis</strong></span> 
     </span>
     <span class='ocr_line' id='line_1_9' title="bbox 407 1598 1362 1684; baseline 0.001 -21"><span class='ocrx_word' id='word_1_58' title='bbox 407 1599 589 1663; x_wconf 85' lang='lat' dir='ltr'><strong>substantia</strong></span> <span class='ocrx_word' id='word_1_59' title='bbox 599 1599 773 1680; x_wconf 79' lang='lat' dir='ltr'><strong>quaeritur3</strong></span> <span class='ocrx_word' id='word_1_60' title='bbox 800 1599 844 1662; x_wconf 86' lang='lat' dir='ltr'><strong>sic</strong></span> <span class='ocrx_word' id='word_1_61' title='bbox 857 1601 889 1661; x_wconf 90' lang='lat' dir='ltr'><strong>in</strong></span> <span class='ocrx_word' id='word_1_62' title='bbox 902 1598 952 1659; x_wconf 91' lang='lat' dir='ltr'><strong>bis</strong></span> <span class='ocrx_word' id='word_1_63' title='bbox 963 1621 1037 1684; x_wconf 83' lang='lat' dir='ltr'><strong>quae</strong></span> <span class='ocrx_word' id='word_1_64' title='bbox 1049 1598 1260 1682; x_wconf 86' lang='lat' dir='ltr'><strong>intelligibilia</strong></span> <span class='ocrx_word' id='word_1_65' title='bbox 1276 1615 1362 1676; x_wconf 90' lang='lat' dir='ltr'><strong>sunt,</strong></span> 
     </span>
     <span class='ocr_line' id='line_1_10' title="bbox 408 1698 1362 1783; baseline 0.003 -20"><span class='ocrx_word' id='word_1_66' title='bbox 408 1700 569 1765; x_wconf 86' lang='lat' dir='ltr'><strong>duntaxat</strong></span> <span class='ocrx_word' id='word_1_67' title='bbox 589 1709 622 1763; x_wconf 84' lang='lat' dir='ltr'><strong>et</strong></span> <span class='ocrx_word' id='word_1_68' title='bbox 638 1698 858 1764; x_wconf 84' lang='lat' dir='ltr'><strong>universaliter</strong></span> <span class='ocrx_word' id='word_1_69' title='bbox 879 1698 1014 1783; x_wconf 81' lang='lat' dir='ltr'><strong>concipi,</strong></span> <span class='ocrx_word' id='word_1_70' title='bbox 1030 1720 1087 1761; x_wconf 89' lang='lat' dir='ltr'><strong>nec</strong></span> <span class='ocrx_word' id='word_1_71' title='bbox 1109 1713 1214 1763; x_wconf 88' lang='lat' dir='ltr'><strong>tamen</strong></span> <span class='ocrx_word' id='word_1_72' title='bbox 1237 1703 1362 1766; x_wconf 80' lang='lat' dir='ltr'><strong>uuiver-</strong></span> 
     </span>
     <span class='ocr_line' id='line_1_11' title="bbox 407 1799 1362 1886; baseline 0 -20"><span class='ocrx_word' id='word_1_73' title='bbox 407 1802 515 1866; x_wconf 87' lang='lat' dir='ltr'><strong>saliter</strong></span> <span class='ocrx_word' id='word_1_74' title='bbox 527 1822 595 1865; x_wconf 88' lang='lat' dir='ltr'><strong>esso</strong></span> <span class='ocrx_word' id='word_1_75' title='bbox 607 1814 741 1886; x_wconf 91' lang='lat' dir='ltr'><strong>queunt,</strong></span> <span class='ocrx_word' id='word_1_76' title='bbox 754 1799 911 1864; x_wconf 89' lang='lat' dir='ltr'><strong>solidioris</strong></span> <span class='ocrx_word' id='word_1_77' title='bbox 923 1799 1099 1863; x_wconf 87' lang='lat' dir='ltr'><strong>existentiae</strong></span> <span class='ocrx_word' id='word_1_78' title='bbox 1115 1801 1294 1865; x_wconf 88' lang='lat' dir='ltr'><strong>substantia</strong></span> <span class='ocrx_word' id='word_1_79' title='bbox 1309 1826 1362 1866; x_wconf 91' lang='lat' dir='ltr'><strong>ne-</strong></span> 
     </span>
     <span class='ocr_line' id='line_1_12' title="bbox 409 1901 1363 1990; baseline 0 -23"><span class='ocrx_word' id='word_1_80' title='bbox 409 1926 572 1990; x_wconf 89' lang='lat' dir='ltr'><strong>quaquam</strong></span> <span class='ocrx_word' id='word_1_81' title='bbox 590 1903 760 1968; x_wconf 84' lang='lat' dir='ltr'><strong>invenitur.</strong></span> <span class='ocrx_word' id='word_1_82' title='bbox 797 1903 836 1965; x_wconf 92' lang='lat' dir='ltr'><strong>In</strong></span> <span class='ocrx_word' id='word_1_83' title='bbox 849 1901 900 1966; x_wconf 94' lang='lat' dir='ltr'><strong>his</strong></span> <span class='ocrx_word' id='word_1_84' title='bbox 911 1914 1037 1965; x_wconf 80' lang='lat' dir='ltr'><strong>aetatem</strong></span> <span class='ocrx_word' id='word_1_85' title='bbox 1054 1916 1164 1978; x_wconf 86' lang='lat' dir='ltr'><strong>terere,</strong></span> <span class='ocrx_word' id='word_1_86' title='bbox 1178 1903 1254 1967; x_wconf 91' lang='lat' dir='ltr'><strong>nihil</strong></span> <span class='ocrx_word' id='word_1_87' title='bbox 1267 1927 1363 1989; x_wconf 87' lang='lat' dir='ltr'><strong>agen·</strong></span> 
     </span>
     <span class='ocr_line' id='line_1_13' title="bbox 409 2001 1361 2090; baseline 0 -21"><span class='ocrx_word' id='word_1_88' title='bbox 409 2006 460 2081; x_wconf 90' lang='lat' dir='ltr'><strong>tis,</strong></span> <span class='ocrx_word' id='word_1_89' title='bbox 476 2021 509 2069; x_wconf 90' lang='lat' dir='ltr'><strong>et</strong></span> <span class='ocrx_word' id='word_1_90' title='bbox 525 2005 648 2068; x_wconf 83' lang='lat' dir='ltr'><strong>frustra</strong></span> <span class='ocrx_word' id='word_1_91' title='bbox 663 2003 834 2068; x_wconf 88' lang='lat' dir='ltr'><strong>laborantis</strong></span> <span class='ocrx_word' id='word_1_92' title='bbox 848 2016 907 2066; x_wconf 85' lang='lat' dir='ltr'><strong>est.</strong></span> <span class='ocrx_word' id='word_1_93' title='bbox 954 2001 1090 2066; x_wconf 86' lang='lat' dir='ltr'><strong>Nebulae</strong></span> <span class='ocrx_word' id='word_1_94' title='bbox 1115 2004 1269 2090; x_wconf 88' lang='lat' dir='ltr'><strong>siquidem</strong></span> <span class='ocrx_word' id='word_1_95' title='bbox 1287 2020 1361 2069; x_wconf 88' lang='lat' dir='ltr'><strong>sunt</strong></span> 
     </span>
     <span class='ocr_line' id='line_1_14' title="bbox 412 2104 1362 2192; baseline 0.001 -22"><span class='ocrx_word' id='word_1_96' title='bbox 412 2130 519 2171; x_wconf 89' lang='lat' dir='ltr'><strong>rerum</strong></span> <span class='ocrx_word' id='word_1_97' title='bbox 540 2107 717 2192; x_wconf 85' lang='lat' dir='ltr'><strong>fugacium,</strong></span> <span class='ocrx_word' id='word_1_98' title='bbox 731 2120 763 2169; x_wconf 88' lang='lat' dir='ltr'><strong>et</strong></span> <span class='ocrx_word' id='word_1_99' title='bbox 782 2128 881 2190; x_wconf 92' lang='lat' dir='ltr'><strong>quum</strong></span> <span class='ocrx_word' id='word_1_100' title='bbox 903 2104 1094 2190; x_wconf 64' lang='lat' dir='ltr'><strong>quaeruntur</strong></span> <span class='ocrx_word' id='word_1_101' title='bbox 1111 2106 1247 2184; x_wconf 89' lang='lat' dir='ltr'><strong>avidius,</strong></span> <span class='ocrx_word' id='word_1_102' title='bbox 1268 2108 1362 2172; x_wconf 89' lang='lat' dir='ltr'><strong>citius</strong></span> 
     </span>
     <span class='ocr_line' id='line_1_15' title="bbox 408 2198 1360 2293; baseline 0.001 -21"><span class='ocrx_word' id='word_1_103' title='bbox 408 2198 611 2274; x_wconf 68' lang='lat' dir='ltr'><strong>evanescunt</strong></span> <span class='ocrx_word' id='word_1_104' title='bbox 658 2207 846 2293; x_wconf 85' lang='lat' dir='ltr'><strong>Expediunt</strong></span> <span class='ocrx_word' id='word_1_105' title='bbox 862 2207 943 2270; x_wconf 91' lang='lat' dir='ltr'><strong>hanc</strong></span> <span class='ocrx_word' id='word_1_106' title='bbox 958 2221 1101 2271; x_wconf 83' lang='lat' dir='ltr'><strong>auctores</strong></span> <span class='ocrx_word' id='word_1_107' title='bbox 1116 2208 1225 2273; x_wconf 90' lang='lat' dir='ltr'><strong>multis</strong></span> <span class='ocrx_word' id='word_1_108' title='bbox 1247 2210 1360 2284; x_wconf 87' lang='lat' dir='ltr'><strong>modis,</strong></span> 
     </span>
     <span class='ocr_line' id='line_1_16' title="bbox 408 2308 1361 2396; baseline 0 -22"><span class='ocrx_word' id='word_1_109' title='bbox 408 2311 567 2396; x_wconf 82' lang='lat' dir='ltr'><strong>variisque</strong></span> <span class='ocrx_word' id='word_1_110' title='bbox 582 2310 800 2382; x_wconf 89' lang='lat' dir='ltr'><strong>sermonibus;</strong></span> <span class='ocrx_word' id='word_1_111' title='bbox 824 2323 856 2372; x_wconf 89' lang='lat' dir='ltr'><strong>et</strong></span> <span class='ocrx_word' id='word_1_112' title='bbox 871 2308 949 2373; x_wconf 92' lang='lat' dir='ltr'><strong>dum</strong></span> <span class='ocrx_word' id='word_1_113' title='bbox 965 2308 1179 2373; x_wconf 84' lang='lat' dir='ltr'><strong>indifferenter</strong></span> <span class='ocrx_word' id='word_1_114' title='bbox 1191 2311 1296 2376; x_wconf 88' lang='lat' dir='ltr'><strong>verbis</strong></span> <span class='ocrx_word' id='word_1_115' title='bbox 1312 2310 1361 2377; x_wconf 88' lang='lat' dir='ltr'><strong>usi</strong></span> 
     </span>
     <span class='ocr_line' id='line_1_17' title="bbox 410 2408 1362 2498; baseline 0.002 -23"><span class='ocrx_word' id='word_1_116' title='bbox 410 2424 496 2489; x_wconf 88' lang='lat' dir='ltr'><strong>suut,</strong></span> <span class='ocrx_word' id='word_1_117' title='bbox 513 2413 617 2477; x_wconf 84' lang='lat' dir='ltr'><strong>varias</strong></span> <span class='ocrx_word' id='word_1_118' title='bbox 639 2410 801 2497; x_wconf 88' lang='lat' dir='ltr'><strong>opiniones</strong></span> <span class='ocrx_word' id='word_1_119' title='bbox 823 2408 962 2476; x_wconf 87' lang='lat' dir='ltr'><strong>invenire</strong></span> <span class='ocrx_word' id='word_1_120' title='bbox 978 2411 1036 2474; x_wconf 91' lang='lat' dir='ltr'><strong>visi</strong></span> <span class='ocrx_word' id='word_1_121' title='bbox 1059 2425 1146 2491; x_wconf 88' lang='lat' dir='ltr'><strong>sunt,</strong></span> <span class='ocrx_word' id='word_1_122' title='bbox 1160 2424 1193 2476; x_wconf 90' lang='lat' dir='ltr'><strong>et</strong></span> <span class='ocrx_word' id='word_1_123' title='bbox 1215 2411 1362 2498; x_wconf 85' lang='lat' dir='ltr'><strong>litigiosis</strong></span> 
     </span>
     <span class='ocr_line' id='line_1_18' title="bbox 410 2512 1361 2598; baseline -0.001 -20"><span class='ocrx_word' id='word_1_124' title='bbox 410 2514 593 2579; x_wconf 87' lang='lat' dir='ltr'><strong>hominibus</strong></span> <span class='ocrx_word' id='word_1_125' title='bbox 605 2513 737 2577; x_wconf 91' lang='lat' dir='ltr'><strong>multam</strong></span> <span class='ocrx_word' id='word_1_126' title='bbox 755 2512 964 2577; x_wconf 89' lang='lat' dir='ltr'><strong>contendendi</strong></span> <span class='ocrx_word' id='word_1_127' title='bbox 978 2516 1139 2577; x_wconf 85' lang='lat' dir='ltr'><strong>materiam</strong></span> <span class='ocrx_word' id='word_1_128' title='bbox 1153 2512 1361 2598; x_wconf 88' lang='lat' dir='ltr'><strong>reliquerunt.</strong></span> 
     </span>
     <span class='ocr_line' id='line_1_19' title="bbox 412 2613 1363 2701; baseline -0.002 -22"><span class='ocrx_word' id='word_1_129' title='bbox 412 2616 493 2679; x_wconf 89' lang='lat' dir='ltr'><strong>lude</strong></span> <span class='ocrx_word' id='word_1_130' title='bbox 505 2628 553 2680; x_wconf 90' lang='lat' dir='ltr'><strong>est</strong></span> <span class='ocrx_word' id='word_1_131' title='bbox 564 2615 652 2701; x_wconf 90' lang='lat' dir='ltr'><strong>quod</strong></span> <span class='ocrx_word' id='word_1_132' title='bbox 663 2614 873 2692; x_wconf 89' lang='lat' dir='ltr'><strong>sensibilibus,</strong></span> <span class='ocrx_word' id='word_1_133' title='bbox 883 2615 1017 2699; x_wconf 88' lang='lat' dir='ltr'><strong>aliisque</strong></span> <span class='ocrx_word' id='word_1_134' title='bbox 1027 2613 1242 2698; x_wconf 87' lang='lat' dir='ltr'><strong>singularibus</strong></span> <span class='ocrx_word' id='word_1_135' title='bbox 1250 2636 1363 2701; x_wconf 88' lang='lat' dir='ltr'><strong>appre-</strong></span> 
     </span>
     <span class='ocr_line' id='line_1_20' title="bbox 409 2714 1362 2802; baseline -0.003 -21"><span class='ocrx_word' id='word_1_136' title='bbox 409 2716 526 2796; x_wconf 88' lang='lat' dir='ltr'><strong>hensis,</strong></span> <span class='ocrx_word' id='word_1_137' title='bbox 540 2715 690 2802; x_wconf 86' lang='lat' dir='ltr'><strong>quoniam</strong></span> <span class='ocrx_word' id='word_1_138' title='bbox 711 2714 779 2778; x_wconf 73' lang='lat' dir='ltr'><strong>baec</strong></span> <span class='ocrx_word' id='word_1_139' title='bbox 802 2714 868 2776; x_wconf 89' lang='lat' dir='ltr'><strong>sola</strong></span> <span class='ocrx_word' id='word_1_140' title='bbox 883 2715 1035 2778; x_wconf 83' lang='lat' dir='ltr'><strong>veraciter</strong></span> <span class='ocrx_word' id='word_1_141' title='bbox 1057 2736 1122 2777; x_wconf 87' lang='lat' dir='ltr'><strong>esse</strong></span> <span class='ocrx_word' id='word_1_142' title='bbox 1145 2714 1309 2792; x_wconf 86' lang='lat' dir='ltr'><strong>dicuntur,</strong></span> <span class='ocrx_word' id='word_1_143' title='bbox 1325 2737 1362 2778; x_wconf 88' lang='lat' dir='ltr'><strong>ea</strong></span> 
     </span>
     <span class='ocr_line' id='line_1_21' title="bbox 410 2814 1361 2901; baseline -0.003 -20"><span class='ocrx_word' id='word_1_144' title='bbox 410 2818 441 2881; x_wconf 93' lang='lat' dir='ltr'><strong>iu</strong></span> <span class='ocrx_word' id='word_1_145' title='bbox 464 2817 608 2882; x_wconf 84' lang='lat' dir='ltr'><strong>diversos</strong></span> <span class='ocrx_word' id='word_1_146' title='bbox 634 2829 736 2882; x_wconf 89' lang='lat' dir='ltr'><strong>status</strong></span> <span class='ocrx_word' id='word_1_147' title='bbox 758 2816 919 2888; x_wconf 82' lang='lat' dir='ltr'><strong>subvehit,</strong></span> <span class='ocrx_word' id='word_1_148' title='bbox 945 2838 1003 2901; x_wconf 90' lang='lat' dir='ltr'><strong>pro</strong></span> <span class='ocrx_word' id='word_1_149' title='bbox 1025 2838 1162 2900; x_wconf 87' lang='lat' dir='ltr'><strong>quorum</strong></span> <span class='ocrx_word' id='word_1_150' title='bbox 1187 2814 1361 2878; x_wconf 87' lang='lat' dir='ltr'><strong>rationein</strong></span> 
     </span>
     <span class='ocr_line' id='line_1_22' title="bbox 408 2913 1362 3004; baseline -0.004 -23"><span class='ocrx_word' id='word_1_151' title='bbox 408 2918 487 3004; x_wconf 90' lang='lat' dir='ltr'><strong>ipsis</strong></span> <span class='ocrx_word' id='word_1_152' title='bbox 531 2916 744 3003; x_wconf 86' lang='lat' dir='ltr'><strong>singularibus</strong></span> <span class='ocrx_word' id='word_1_153' title='bbox 794 2915 1017 3001; x_wconf 87' lang='lat' dir='ltr'><strong>specialissima</strong></span> <span class='ocrx_word' id='word_1_154' title='bbox 1063 2913 1362 3000; x_wconf 86' lang='lat' dir='ltr'><strong>generalissimaque</strong></span> 
     </span>
     <span class='ocr_line' id='line_1_23' title="bbox 409 3015 1362 3103; baseline -0.002 -20"><span class='ocrx_word' id='word_1_155' title='bbox 409 3019 585 3084; x_wconf 88' lang='lat' dir='ltr'><strong>constituit.</strong></span> <span class='ocrx_word' id='word_1_156' title='bbox 632 3020 712 3083; x_wconf 88' lang='lat' dir='ltr'><strong>Sunt</strong></span> <span class='ocrx_word' id='word_1_157' title='bbox 729 3017 785 3103; x_wconf 94' lang='lat' dir='ltr'><strong>qui</strong></span> <span class='ocrx_word' id='word_1_158' title='bbox 809 3040 895 3080; x_wconf 90' lang='lat' dir='ltr'><strong>more</strong></span> <span class='ocrx_word' id='word_1_159' title='bbox 920 3015 1227 3090; x_wconf 82' lang='lat' dir='ltr'><strong>mathematicorum,</strong></span> <span class='ocrx_word' id='word_1_160' title='bbox 1245 3015 1362 3081; x_wconf 83' lang='lat' dir='ltr'><strong>formas</strong></span> 
     </span>
     <span class='ocr_line' id='line_1_24' title="bbox 410 3115 1363 3202; baseline 0 -19"><span class='ocrx_word' id='word_1_161' title='bbox 410 3119 611 3198; x_wconf 85' lang='lat' dir='ltr'><strong>abstrahunt,</strong></span> <span class='ocrx_word' id='word_1_162' title='bbox 639 3132 671 3183; x_wconf 90' lang='lat' dir='ltr'><strong>et</strong></span> <span class='ocrx_word' id='word_1_163' title='bbox 702 3118 742 3183; x_wconf 87' lang='lat' dir='ltr'><strong>ad</strong></span> <span class='ocrx_word' id='word_1_164' title='bbox 774 3117 843 3180; x_wconf 88' lang='lat' dir='ltr'><strong>illas</strong></span> <span class='ocrx_word' id='word_1_165' title='bbox 878 3115 1033 3202; x_wconf 90' lang='lat' dir='ltr'><strong>quicquid</strong></span> <span class='ocrx_word' id='word_1_166' title='bbox 1063 3116 1103 3179; x_wconf 89' lang='lat' dir='ltr'><strong>de</strong></span> <span class='ocrx_word' id='word_1_167' title='bbox 1132 3117 1363 3183; x_wconf 82' lang='lat' dir='ltr'><strong>universalibus</strong></span> 
     </span>
     <span class='ocr_line' id='line_1_25' title="bbox 411 3216 1363 3297; baseline -0.003 -12"><span class='ocrx_word' id='word_1_168' title='bbox 411 3220 541 3297; x_wconf 89' lang='lat' dir='ltr'><strong>dicitur,</strong></span> <span class='ocrx_word' id='word_1_169' title='bbox 564 3220 719 3284; x_wconf 85' lang='lat' dir='ltr'><strong>referunt.</strong></span> <span class='ocrx_word' id='word_1_170' title='bbox 763 3218 833 3281; x_wconf 89' lang='lat' dir='ltr'><strong>Alii</strong></span> <span class='ocrx_word' id='word_1_171' title='bbox 858 3217 1036 3281; x_wconf 90' lang='lat' dir='ltr'><strong>discutiunt</strong></span> <span class='ocrx_word' id='word_1_172' title='bbox 1058 3216 1247 3295; x_wconf 91' lang='lat' dir='ltr'><strong>intellectus,</strong></span> <span class='ocrx_word' id='word_1_173' title='bbox 1263 3233 1295 3282; x_wconf 89' lang='lat' dir='ltr'><strong>et</strong></span> <span class='ocrx_word' id='word_1_174' title='bbox 1310 3241 1363 3283; x_wconf 89' lang='lat' dir='ltr'><strong>eos</strong></span> 
     </span>
     <span class='ocr_line' id='line_1_26' title="bbox 411 3317 1361 3386; baseline -0.002 -1"><span class='ocrx_word' id='word_1_175' title='bbox 411 3320 637 3386; x_wconf 81' lang='lat' dir='ltr'><strong>universalium</strong></span> <span class='ocrx_word' id='word_1_176' title='bbox 654 3319 835 3383; x_wconf 91' lang='lat' dir='ltr'><strong>nominibus</strong></span> <span class='ocrx_word' id='word_1_177' title='bbox 849 3318 968 3382; x_wconf 89' lang='lat' dir='ltr'><strong>censeri</strong></span> <span class='ocrx_word' id='word_1_178' title='bbox 980 3317 1177 3381; x_wconf 85' lang='lat' dir='ltr'><strong>confirmant.</strong></span> <span class='ocrx_word' id='word_1_179' title='bbox 1216 3318 1361 3383; x_wconf 90' lang='lat' dir='ltr'><strong>Fuerunt</strong></span> 
     </span>
     <span class='ocr_line' id='line_1_27' title="bbox 409 3418 1362 3509; baseline -0.002 -23"><span class='ocrx_word' id='word_1_180' title='bbox 409 3436 440 3487; x_wconf 89' lang='lat' dir='ltr'><strong>et</strong></span> <span class='ocrx_word' id='word_1_181' title='bbox 456 3422 513 3509; x_wconf 92' lang='lat' dir='ltr'><strong>qui</strong></span> <span class='ocrx_word' id='word_1_182' title='bbox 530 3445 621 3486; x_wconf 86' lang='lat' dir='ltr'><strong>voces</strong></span> <span class='ocrx_word' id='word_1_183' title='bbox 636 3421 720 3508; x_wconf 87' lang='lat' dir='ltr'><strong>ipsas</strong></span> <span class='ocrx_word' id='word_1_184' title='bbox 734 3443 851 3505; x_wconf 88' lang='lat' dir='ltr'><strong>genera</strong></span> <span class='ocrx_word' id='word_1_185' title='bbox 865 3418 1004 3483; x_wconf 89' lang='lat' dir='ltr'><strong>dicerent</strong></span> <span class='ocrx_word' id='word_1_186' title='bbox 1021 3442 1088 3483; x_wconf 87' lang='lat' dir='ltr'><strong>esse</strong></span> <span class='ocrx_word' id='word_1_187' title='bbox 1102 3433 1133 3483; x_wconf 90' lang='lat' dir='ltr'><strong>et</strong></span> <span class='ocrx_word' id='word_1_188' title='bbox 1150 3422 1284 3505; x_wconf 88' lang='lat' dir='ltr'><strong>species:</strong></span> <span class='ocrx_word' id='word_1_189' title='bbox 1308 3419 1362 3484; x_wconf 87' lang='lat' dir='ltr'><strong>sed</strong></span> 
     </span>
     <span class='ocr_line' id='line_1_28' title="bbox 409 3521 1362 3612; baseline 0 -24"><span class='ocrx_word' id='word_1_190' title='bbox 409 3546 518 3588; x_wconf 90' lang='lat' dir='ltr'><strong>eorum</strong></span> <span class='ocrx_word' id='word_1_191' title='bbox 529 3526 597 3612; x_wconf 92' lang='lat' dir='ltr'><strong>jam</strong></span> <span class='ocrx_word' id='word_1_192' title='bbox 615 3522 745 3609; x_wconf 86' lang='lat' dir='ltr'><strong>explosa</strong></span> <span class='ocrx_word' id='word_1_193' title='bbox 758 3522 913 3586; x_wconf 89' lang='lat' dir='ltr'><strong>sententia</strong></span> <span class='ocrx_word' id='word_1_194' title='bbox 925 3535 983 3596; x_wconf 89' lang='lat' dir='ltr'><strong>est,</strong></span> <span class='ocrx_word' id='word_1_195' title='bbox 995 3534 1026 3585; x_wconf 87' lang='lat' dir='ltr'><strong>et</strong></span> <span class='ocrx_word' id='word_1_196' title='bbox 1042 3521 1134 3585; x_wconf 84' lang='lat' dir='ltr'><strong>facile</strong></span> <span class='ocrx_word' id='word_1_197' title='bbox 1145 3545 1217 3584; x_wconf 91' lang='lat' dir='ltr'><strong>cum</strong></span> <span class='ocrx_word' id='word_1_198' title='bbox 1233 3533 1362 3588; x_wconf 87' lang='lat' dir='ltr'><strong>auctore</strong></span> 
     </span>
     <span class='ocr_line' id='line_1_29' title="bbox 408 3622 1360 3709; baseline -0.001 -20"><span class='ocrx_word' id='word_1_199' title='bbox 408 3649 466 3689; x_wconf 91' lang='lat' dir='ltr'><strong>suo</strong></span> <span class='ocrx_word' id='word_1_200' title='bbox 481 3625 621 3692; x_wconf 83' lang='lat' dir='ltr'><strong>evanuit.</strong></span> <span class='ocrx_word' id='word_1_201' title='bbox 669 3627 750 3689; x_wconf 86' lang='lat' dir='ltr'><strong>Sunt</strong></span> <span class='ocrx_word' id='word_1_202' title='bbox 764 3638 867 3687; x_wconf 87' lang='lat' dir='ltr'><strong>tamen</strong></span> <span class='ocrx_word' id='word_1_203' title='bbox 884 3622 989 3685; x_wconf 90' lang='lat' dir='ltr'><strong>adbuc</strong></span> <span class='ocrx_word' id='word_1_204' title='bbox 1004 3623 1060 3708; x_wconf 90' lang='lat' dir='ltr'><strong>qui</strong></span> <span class='ocrx_word' id='word_1_205' title='bbox 1077 3622 1360 3709; x_wconf 86' lang='lat' dir='ltr'><strong>deprehenduntur</strong></span> 
     </span>
     <span class='ocr_line' id='line_1_30' title="bbox 408 3724 1363 3812; baseline 0 -21"><span class='ocrx_word' id='word_1_206' title='bbox 408 3727 441 3791; x_wconf 92' lang='lat' dir='ltr'><strong>in</strong></span> <span class='ocrx_word' id='word_1_207' title='bbox 457 3727 600 3812; x_wconf 84' lang='lat' dir='ltr'><strong>vestigiis</strong></span> <span class='ocrx_word' id='word_1_208' title='bbox 620 3748 740 3801; x_wconf 88' lang='lat' dir='ltr'><strong>eorum,</strong></span> <span class='ocrx_word' id='word_1_209' title='bbox 758 3725 829 3789; x_wconf 90' lang='lat' dir='ltr'><strong>licet</strong></span> <span class='ocrx_word' id='word_1_210' title='bbox 851 3725 1038 3790; x_wconf 89' lang='lat' dir='ltr'><strong>erubescant</strong></span> <span class='ocrx_word' id='word_1_211' title='bbox 1053 3739 1212 3790; x_wconf 85' lang='lat' dir='ltr'><strong>auctorem</strong></span> <span class='ocrx_word' id='word_1_212' title='bbox 1229 3724 1278 3788; x_wconf 88' lang='lat' dir='ltr'><strong>vel</strong></span> <span class='ocrx_word' id='word_1_213' title='bbox 1294 3751 1363 3791; x_wconf 90' lang='lat' dir='ltr'><strong>sen-</strong></span> 
     </span>
     <span class='ocr_line' id='line_1_31' title="bbox 410 3824 1361 3914; baseline 0.001 -23"><span class='ocrx_word' id='word_1_214' title='bbox 410 3829 540 3892; x_wconf 91' lang='lat' dir='ltr'><strong>tentiam</strong></span> <span class='ocrx_word' id='word_1_215' title='bbox 567 3826 721 3914; x_wconf 84' lang='lat' dir='ltr'><strong>profiteri,</strong></span> <span class='ocrx_word' id='word_1_216' title='bbox 744 3825 818 3888; x_wconf 91' lang='lat' dir='ltr'><strong>solis</strong></span> <span class='ocrx_word' id='word_1_217' title='bbox 841 3824 1022 3888; x_wconf 90' lang='lat' dir='ltr'><strong>nominibus</strong></span> <span class='ocrx_word' id='word_1_218' title='bbox 1049 3826 1250 3905; x_wconf 78' lang='lat' dir='ltr'><strong>inhaerentes,</strong></span> <span class='ocrx_word' id='word_1_219' title='bbox 1273 3829 1361 3913; x_wconf 92' lang='lat' dir='ltr'><strong>quod</strong></span> 
     </span>
     <span class='ocr_line' id='line_1_32' title="bbox 409 3925 1362 4001; baseline 0.003 -10"><span class='ocrx_word' id='word_1_220' title='bbox 409 3929 505 3993; x_wconf 90' lang='lat' dir='ltr'><strong>rebus</strong></span> <span class='ocrx_word' id='word_1_221' title='bbox 519 3942 551 3992; x_wconf 88' lang='lat' dir='ltr'><strong>et</strong></span> <span class='ocrx_word' id='word_1_222' title='bbox 568 3925 780 3992; x_wconf 86' lang='lat' dir='ltr'><strong>intellectibus</strong></span> <span class='ocrx_word' id='word_1_223' title='bbox 803 3925 1009 4001; x_wconf 87' lang='lat' dir='ltr'><strong>subtrabunt,</strong></span> <span class='ocrx_word' id='word_1_224' title='bbox 1025 3926 1222 3991; x_wconf 87' lang='lat' dir='ltr'><strong>sermonibus</strong></span> <span class='ocrx_word' id='word_1_225' title='bbox 1243 3930 1362 3994; x_wconf 84' lang='lat' dir='ltr'><strong>adscri-</strong></span> 
     </span>
     <span class='ocr_line' id='line_1_33' title="bbox 411 4030 502 4094; baseline 0.022 -2"><span class='ocrx_word' id='word_1_226' title='bbox 411 4030 502 4094; x_wconf 87' lang='lat' dir='ltr'><strong>bunt.</strong></span> 
     </span>
     <span class='ocr_line' id='line_1_34' title="bbox 654 4138 1121 4210; baseline -0.006 -21"><span class='ocrx_word' id='word_1_227' title='bbox 654 4139 754 4205; x_wconf 83' lang='lat' dir='ltr'><strong>lllagno</strong></span> <span class='ocrx_word' id='word_1_228' title='bbox 767 4156 795 4191; x_wconf 86' lang='lat' dir='ltr'><strong>se</strong></span> <span class='ocrx_word' id='word_1_229' title='bbox 802 4138 892 4210; x_wconf 84' lang='lat' dir='ltr'><strong>judice</strong></span> <span class='ocrx_word' id='word_1_230' title='bbox 905 4139 1013 4206; x_wconf 84' lang='lat' dir='ltr'><strong>quisque</strong></span> <span class='ocrx_word' id='word_1_231' title='bbox 1025 4141 1121 4199; x_wconf 83' lang='lat' dir='ltr'><strong>tuetur,</strong></span> 
     </span>
    </p>

    <p class='ocr_par' dir='ltr' id='par_1_3' title="bbox 409 4230 1365 4421">
     <span class='ocr_line' id='line_1_35' title="bbox 409 4230 1365 4319; baseline -0.001 -24"><span class='ocrx_word' id='word_1_232' title='bbox 409 4246 439 4296; x_wconf 90' lang='lat' dir='ltr'><strong>et</strong></span> <span class='ocrx_word' id='word_1_233' title='bbox 463 4256 503 4296; x_wconf 88' lang='lat' dir='ltr'><strong>ex</strong></span> <span class='ocrx_word' id='word_1_234' title='bbox 522 4233 628 4297; x_wconf 87' lang='lat' dir='ltr'><strong>verbis</strong></span> <span class='ocrx_word' id='word_1_235' title='bbox 643 4246 822 4310; x_wconf 88' lang='lat' dir='ltr'><strong>auctorum,</strong></span> <span class='ocrx_word' id='word_1_236' title='bbox 838 4233 896 4319; x_wconf 93' lang='lat' dir='ltr'><strong>qui</strong></span> <span class='ocrx_word' id='word_1_237' title='bbox 918 4232 1135 4296; x_wconf 84' lang='lat' dir='ltr'><strong>indifferenter</strong></span> <span class='ocrx_word' id='word_1_238' title='bbox 1158 4230 1285 4293; x_wconf 89' lang='lat' dir='ltr'><strong>nomina</strong></span> <span class='ocrx_word' id='word_1_239' title='bbox 1307 4252 1365 4315; x_wconf 89' lang='lat' dir='ltr'><strong>pro</strong></span> 
     </span>
     <span class='ocr_line' id='line_1_36' title="bbox 409 4332 1363 4421; baseline 0 -26"><span class='ocrx_word' id='word_1_240' title='bbox 409 4334 516 4415; x_wconf 86' lang='lat' dir='ltr'><strong>rebus,</strong></span> <span class='ocrx_word' id='word_1_241' title='bbox 539 4333 588 4396; x_wconf 86' lang='lat' dir='ltr'><strong>vel</strong></span> <span class='ocrx_word' id='word_1_242' title='bbox 615 4357 663 4397; x_wconf 88' lang='lat' dir='ltr'><strong>res</strong></span> <span class='ocrx_word' id='word_1_243' title='bbox 688 4358 746 4421; x_wconf 84' lang='lat' dir='ltr'><strong>pro</strong></span> <span class='ocrx_word' id='word_1_244' title='bbox 773 4334 954 4399; x_wconf 89' lang='lat' dir='ltr'><strong>nominibus</strong></span> <span class='ocrx_word' id='word_1_245' title='bbox 979 4343 1167 4418; x_wconf 87' lang='lat' dir='ltr'><strong>posuerunt,</strong></span> <span class='ocrx_word' id='word_1_246' title='bbox 1192 4351 1280 4392; x_wconf 92' lang='lat' dir='ltr'><strong>suam</strong></span> <span class='ocrx_word' id='word_1_247' title='bbox 1308 4332 1363 4395; x_wconf 87' lang='lat' dir='ltr'><strong>ad-</strong></span> 
     </span>
    </p>
   </div>
   <div class='ocr_carea' id='block_1_3' title="bbox 0 0 1786 5467">
    <p class='ocr_par' dir='ltr' id='par_1_4' title="bbox 0 0 1786 5467">
     <span class='ocr_line' id='line_1_37' title="bbox 0 0 1786 5467; baseline 0 0"><span class='ocrx_word' id='word_1_248' title='bbox 0 0 1786 5467; x_wconf 95' lang='lat' dir='ltr'><strong> </strong></span> 
     </span>
    </p>
   </div>
  </div>
 </body>
</html>
