3550 5467
405 716 476 762 cae.
492 696 567 775 xx]
773 712 1027 761 rom'cnsrtcus.
1296 705 1360 764 333

406 877 439 928 et
468 863 523 929 alii
550 863 690 927 historici
714 864 866 940 referunt,
890 863 977 950 apud
1000 866 1156 951 oppidum
1180 865 1364 931 Eboracum

405 966 519 1030 morbo
545 965 638 1030 obiit.
694 967 859 1051 Siquidem
893 969 1058 1033 Britannia
1089 992 1210 1033 venena
1241 991 1364 1054 semper

406 1067 587 1146 exhorruit,
601 1080 633 1131 et
643 1067 674 1130 in
691 1068 849 1153 principes
863 1092 925 1132 non
942 1070 1040 1150 novit,
1052 1069 1105 1134 sed
1122 1093 1181 1157 pro
1196 1070 1260 1134 suis
1275 1070 1362 1156 prin·

407 1167 538 1252 cipibus
560 1166 695 1229 invictos
723 1166 847 1249 gladios
877 1191 1034 1233 exercere.
1084 1169 1259 1234 Praefatum
1290 1193 1364 1233 vero

406 1266 577 1354 oppidmn,
600 1268 632 1329 in
655 1266 689 1330 id
706 1266 821 1330 vinum
845 1282 876 1331 et
901 1271 1100 1345 temeritatis,
1117 1271 1270 1356 temporis
1292 1293 1366 1355 pro-

408 1390 499 1432 cessu
515 1366 671 1441 excrevit,
686 1379 721 1430 ut
735 1367 871 1431 urbibus
886 1367 1027 1452 antiquis
1037 1368 1152 1433 audeat
1170 1393 1201 1432 se
1212 1371 1364 1433 conferre.

410 1471 484 1532 Hoc
515 1468 544 1531 ei
567 1468 649 1532 sorte
677 1467 757 1532 tanti
789 1471 995 1551 imperatoris
1024 1469 1159 1533 contulit
1190 1469 1365 1554 sepultura.

411 1572 526 1657 Ipsum
543 1580 647 1632 tamen
665 1568 830 1652 gentilium
855 1570 931 1646 ritu,
954 1585 985 1632 et
1001 1569 1176 1633 infidelium
1195 1569 1363 1655 pravitate,

408 1671 611 1754 tyrannidem
622 1669 656 1732 in
666 1669 865 1735 Christianos
875 1668 1063 1745 exercuisse,
1075 1683 1106 1733 et
1118 1691 1229 1757 poenas
1239 1671 1364 1735 sceleris

408 1774 519 1850 luisse,
530 1785 651 1837 certum
667 1784 726 1835 est.
774 1775 877 1834 Nemo
892 1774 974 1833 enim
988 1794 1007 1833 a
1022 1771 1150 1852 saeculo,
1165 1796 1197 1836 se
1212 1787 1363 1858 apostatae

408 1873 514 1959 angeli
530 1875 596 1957 egit
617 1873 796 1954 imaginem,
821 1871 877 1956 qui
906 1871 1117 1937 damnationis
1143 1876 1213 1960 ejus
1234 1888 1266 1939 et
1292 1897 1365 1938 con·

409 1973 546 2040 fusionis
561 1996 623 2038 non
639 1974 736 2037 fuerit
751 1972 921 2058 particeps.

409 2247 491 2330 Cap.
509 2252 561 2309 20.
587 2246 680 2320 Quod
700 2249 897 2310 auctoritate
914 2249 1030 2310 divine
1047 2252 1178 2330 papiae
1199 2252 1366 2314 licitumst

450 2350 626 2428 gloriosum
641 2353 698 2421 cst,
711 2349 856 2429 publicos
877 2355 1030 2430 tyrannos
1049 2354 1199 2427 occidere,
1215 2355 1243 2416 si
1258 2360 1367 2416 tamen

440 2450 607 2532 fidelitate
623 2469 690 2511 non
705 2452 748 2513 sit
772 2457 911 2531 tyranno
925 2452 1078 2514 obaoairrs
1095 2456 1292 2534 interfector,
1308 2463 1368 2516 aut

452 2553 538 2613 oties
544 2552 722 2630 justitiam,
738 2562 798 2614 aut
813 2553 1006 2614 honestatem
1023 2572 1088 2613 reon
1103 2555 1242 2615 omittat.

454 2686 604 2748 Iso-saum
626 2695 673 2746 est
697 2683 722 2745 si
745 2683 911 2766 gentilium
929 2697 1133 2768 tyrannorum
1157 2683 1197 2747 ad
1223 2697 1366 2770 tempora

410 2798 520 2850 nostra
534 2785 644 2848 seriem
668 2784 797 2848 voluero
821 2784 961 2849 trabere:
989 2783 1043 2847 sed
1066 2786 1162 2849 unius
1185 2786 1245 2848 hoc
1262 2786 1367 2852 oetatis

411 2909 473 2951 non
491 2886 719 2950 memorabitur
742 2886 843 2949 homo.
893 2887 966 2950 Hoc
982 2887 1064 2949 enim
1085 2900 1220 2952 mentem
1242 2888 1367 2973 effugit,

412 2999 444 3052 et
474 2988 618 3071 linguam
643 2987 752 3052 vincit.
798 2986 942 3052 Libellus
966 3001 1082 3064 tamen,
1106 2987 1161 3074 qui
1186 2991 1236 3053 De
1260 2990 1363 3056 Exitu

415 3092 640 3175 Tyrannorum
658 3088 831 3173 inscriptus
846 3102 908 3162 est,
924 3088 1059 3174 quidde
1075 3089 1217 3172 tyrannis
1232 3091 1366 3154 sentiam

413 3187 538 3275 plenius
552 3188 669 3274 poterit
685 3188 817 3274 aperire,
831 3187 978 3272 diligenti
995 3202 1100 3252 tamen
1114 3189 1311 3273 compendio,
1330 3203 1365 3255 ut

412 3312 470 3353 nec
485 3290 526 3354 de
538 3289 721 3375 prolixitate
737 3289 881 3369 taedium,
893 3312 949 3352 nec
965 3290 1004 3353 de
1017 3289 1174 3354 brevitate
1188 3291 1366 3356 obscuritas

413 3405 591 3475 generetur.
625 3390 688 3456 Sed
705 3414 744 3454 ne
760 3394 914 3455 &manee
931 3390 1070 3455 historiae
1086 3390 1215 3481 vilescat
1230 3393 1367 3456 auctori·

415 3506 473 3568 tas,
489 3515 564 3578 quae
586 3491 777 3578 plerumque
797 3494 838 3557 ah
860 3491 1053 3570 infidelibus,
1068 3505 1099 3557 et
1121 3493 1162 3556 de
1183 3494 1366 3560 infidelibus

414 3594 533 3678 scripta
546 3606 606 3669 est,
619 3593 679 3656 hoo
694 3593 811 3657 divinoe
826 3609 858 3658 et
874 3594 975 3656 fidelis
987 3593 1128 3657 historiae
1142 3596 1367 3681 comprobetur

414 3695 577 3782 exemplis.
594 3694 750 3781 Undique
759 3696 842 3759 enim
855 3708 997 3782 apparet,
1010 3700 1097 3782 quia,
1108 3710 1144 3761 ut
1155 3698 1200 3762 ait
1214 3699 1370 3778 Valerius,

413 3820 450 3860 ea
465 3796 595 3861 demum
611 3810 683 3861 tota
697 3810 744 3861 est
759 3801 914 3882 potentia,
929 3821 1003 3883 quae
1019 3798 1138 3863 viribus
1154 3803 1221 3865 suis
1237 3802 1365 3866 modum

414 3896 559 3982 imponit.
596 3899 641 3961 Et
657 3919 730 3959 sane
752 3895 829 3960 nibil
852 3908 917 3959 tam
938 3896 1126 3982 praeclarum
1147 3912 1207 3973 est,
1222 3917 1279 3963 aut
1303 3915 1368 3964 tam

415 3999 632 4085 magnificum,
648 3998 737 4083 quod
761 4021 823 4061 non
846 3997 1062 4062 moderatione
1078 3998 1235 4062 desideret
1251 4012 1369 4085 tempe-

416 4102 489 4167 rari.
536 4102 680 4165 Primum
704 4124 781 4186 ergo
807 4113 979 4185 tyrannum
1006 4100 1096 4163 nohis
1122 4097 1233 4184 objicit
1260 4098 1369 4164 divina

417 4203 532 4288 pagina
559 4203 715 4267 Nemroth
744 4201 911 4265 robustum
939 4212 1049 4263 contra
1073 4199 1245 4265 Dominum
1273 4222 1368 4264 vena·

418 4316 529 4381 torem,
546 4326 639 4391 quem
663 4318 693 4368 et
712 4305 833 4368 Ninum
855 4299 918 4364 dici
941 4300 1103 4364 nonnullae
1126 4309 1283 4364 testantur
1302 4302 1366 4367 his·
