3550 5467
414 766 482 811 csr.
499 748 563 828 vn]
768 766 1019 811 miserrimus.
1304 757 1366 826 221,

412 919 461 981 cui
477 918 596 981 affixus
615 929 673 991 est,
688 939 804 979 corona
824 940 931 993 aurea,
947 941 1041 1000 quam
1061 918 1223 1004 Myrtalis,
1240 942 1313 1005 quae
1333 933 1365 982 et

414 1020 583 1106 Olympias
605 1017 690 1080 dicta
711 1038 770 1095 est,
793 1019 888 1105 capiti
915 1020 985 1103 ejus
1009 1020 1176 1105 pendentis
1203 1020 1366 1104 imposuit,

414 1122 537 1188 nullum
555 1122 650 1184 dante
662 1120 817 1186 solatium.
851 1118 887 1183 In
901 1121 1072 1186 vindictam
1086 1138 1190 1187 tamen
1203 1121 1365 1209 pudicitiae

413 1223 641 1313 perinjurium
666 1223 848 1308 prostitutae
872 1222 1023 1309 Philippo
1045 1247 1106 1288 non
1131 1229 1293 1309 puniente,
1309 1225 1365 1289 sed

411 1326 577 1390 deridente
589 1323 747 1410 injuriam,
758 1338 875 1409 potest,
889 1338 1018 1387 auctore
1030 1327 1147 1407 Trogo,
1164 1326 1366 1412 aliquatenus

411 1429 530 1492 crimen
554 1425 707 1508 sacrilegii
731 1426 886 1488 excusari.
927 1426 1081 1489 Inventus
1104 1441 1149 1490 est
1173 1428 1229 1512 qui
1254 1427 1365 1491 Diaum

411 1530 586 1616 Ephesinae
607 1525 761 1610 templum
783 1527 877 1590 vellet
900 1526 1081 1605 incendere,
1098 1542 1132 1591 ut
1151 1528 1365 1614 pulcherrimo

410 1654 507 1718 opere
529 1641 729 1713 consumpto,
757 1651 868 1692 nomen
896 1630 966 1715 ejus
993 1652 1048 1712 per
1076 1644 1179 1694 totum
1209 1645 1363 1693 terrarum

408 1734 518 1797 orbem
530 1730 776 1806 diffunderetur,
786 1730 994 1814 furoremque
1003 1753 1093 1794 suum
1106 1731 1227 1796 detexit
1236 1730 1366 1816 imposi-

408 1849 462 1901 tus
476 1858 495 1897 e
509 1831 620 1897 culeo:
648 1846 677 1895 et
695 1831 755 1894 nisi
772 1831 976 1917 Theopompi
999 1855 1122 1916 magnoe
1137 1833 1296 1897 facundioe
1318 1834 1365 1896 in·

409 1937 540 2022 genium
556 1956 629 1997 eum
646 1933 712 1997 suis
726 1933 1016 2016 comprehendisset
1035 1934 1185 2014 historiis,
1198 1936 1278 1999 bene
1293 1957 1366 1999 eon·

410 2039 577 2103 auluerant
602 2034 747 2120 Ephesii,
772 2034 900 2098 decreto
930 2040 1087 2100 communi
1120 2048 1303 2116 statuentes,
1330 2052 1365 2103 ut

411 2139 565 2206 teterrimi
581 2137 719 2202 hominis
733 2137 884 2199 memoria
900 2135 1080 2201 aboleretur
1095 2139 1229 2203 silentio⁴
1264 2140 1363 2204 Simili

409 2244 540 2331 quidem
554 2240 702 2305 videntur
713 2238 847 2324 gloriam
862 2240 1020 2317 affectare,
1034 2241 1097 2305 imo
1110 2242 1223 2329 ruajori
1236 2242 1366 2321 insania,

410 2351 467 2433 qui
483 2369 546 2409 non
564 2342 735 2430 Ephesinae
754 2343 866 2407 Dianae
882 2340 1036 2428 templum
1052 2342 1207 2429 religiosis
1223 2346 1365 2410 moribus

410 2447 635 2524 excidendum,
657 2444 710 2507 sed
741 2445 893 2528 templum
923 2446 1061 2531 Spiritus
1088 2450 1199 2522 sancti,
1221 2449 1363 2511 homines

411 2564 506 2627 totos,
517 2547 639 2611 animas
653 2544 771 2609 scilicet
787 2559 818 2609 et
832 2567 974 2630 corpora,
988 2559 1023 2608 ut
1040 2567 1097 2628 per
1112 2546 1171 2607 hoc
1184 2546 1364 2608 hominibus

410 2653 623 2725 innotescant,
648 2647 784 2710 luxuriae
806 2660 931 2709 vastant
949 2645 1111 2708 incendiis.
1158 2647 1239 2709 Nam
1264 2648 1305 2710 ab
1327 2672 1364 2710 eo

407 2753 536 2818 laudem
547 2763 716 2836 appetunt,
727 2762 759 2812 et
774 2746 964 2834 plerumque
975 2760 1190 2832 assequuntur
1202 2746 1364 2824 honorem,

411 2852 496 2918 unde
511 2851 637 2937 aequius
651 2849 756 2913 fuerat
772 2847 976 2932 ignominiam
994 2847 1148 2910 sustinere
1163 2860 1196 2909 et
1211 2868 1349 2932 poenam.

408 3203 487 3287 Cap.
505 3205 537 3264 6.
563 3202 611 3263 De
623 3201 755 3261 incuria
771 3205 802 3260 et
815 3198 951 3274 libidine,
963 3203 994 3259 et
1008 3198 1271 3279 quinquepartito
1282 3217 1362 3257 mor·

451 3308 494 3367 tia
508 3305 668 3366 introitu:
694 3309 725 3364 et
740 3317 877 3383 quorum
894 3320 1048 3363 omnum
1062 3303 1105 3361 rit
1124 3302 1272 3381 uoluptas
1291 3319 1364 3379 per-

451 3407 623 3467 niciosior:
653 3409 685 3465 et
699 3404 820 3483 triplici
839 3421 956 3479 ponere
970 3401 1170 3462 conuiuarum
1192 3400 1362 3463 secundnm

452 3508 705 3580 Portuniunum,
731 3511 762 3567 et
783 3506 927 3585 pernicie
953 3504 1063 3585 qulae:
1100 3510 1131 3565 et
1157 3505 1195 3565 de
1219 3505 1364 3566 convicio

451 3610 592 3672 Didonis
607 3615 638 3671 et
652 3608 815 3682 Evanurt,
830 3609 922 3687 apud
944 3606 1122 3686 Virgilium.

453 3766 615 3829 Earsuus
632 3766 698 3850 jam
716 3783 818 3826 sermo
833 3764 998 3848 processit,
1019 3778 1052 3826 ut
1069 3779 1124 3829 out
1137 3766 1287 3832 virtutem
1305 3782 1359 3831 aut

408 3866 569 3953 publicam
594 3868 659 3929 fere
680 3866 859 3951 opinionem
888 3880 1031 3951 oporteat
1060 3867 1248 3953 impugnari.
1297 3870 1362 3932 Im-

408 3968 508 4033 minet
523 3968 605 4031 enim
624 3969 691 4053 jam
710 3966 892 4031 colluctatio
914 3969 1066 4032 adversus
1088 3992 1213 4033 curnem
1236 3987 1267 4033 et
1292 3995 1362 4033 sau-

405 4068 549 4151 guinem,
565 4080 596 4128 et
619 4066 702 4130 fores
727 4065 871 4128 videmur
896 4066 1077 4130 liberalitati
1101 4070 1307 4151 praecludere,
1330 4084 1362 4131 et

403 4166 641 4253 jucunditatem
654 4167 779 4228 auferre
788 4165 829 4229 de
841 4169 918 4241 vita,
930 4189 1030 4249 quum
1041 4169 1176 4250 geminae
1190 4168 1256 4231 vias
1270 4167 1361 4229 luxu-

410 4274 479 4344 riae,
498 4267 666 4354 Epicureis
682 4267 934 4344 reclamantibus,
949 4283 1155 4330 coarctamus.
1203 4269 1261 4329 Est
1277 4269 1359 4331 enim

408 4370 577 4444 blandum,
590 4383 626 4433 ut
641 4370 685 4432 ait
705 4369 856 4440 Valerius,
875 4367 1003 4430 luxuria
1020 4368 1149 4443 malum,
1161 4389 1257 4451 quam
1274 4391 1362 4433 accu-
