3550 5467
410 742 482 789 cer.
499 725 569 805 80.]
764 743 1020 791 marenarrcus.
1327 737 1369 794 79

408 896 527 981 aliquis
562 897 725 975 restiterit,
753 897 847 982 eujus
882 899 996 964 oculos
1032 920 1097 962 non
1132 898 1296 964 obducant
1325 901 1369 964 ad

407 999 568 1074 tenebras,
592 1001 762 1083 reprobate
787 1002 859 1064 oleo
882 1001 1074 1085 peccatoris.
1119 1000 1215 1074 Quod
1241 1003 1269 1064 si
1295 1003 1368 1086 quia

405 1100 565 1182 effugerit,
595 1122 660 1163 non
692 1110 755 1166 tam
786 1102 980 1181 Gnathonis,
1009 1124 1107 1186 quern
1140 1104 1367 1186 principalium

406 1202 547 1264 virorum
580 1213 731 1266 censetur
761 1202 874 1267 hostis.
919 1206 1034 1267 Valeat
1066 1225 1142 1285 ergo
1174 1205 1264 1268 cun'a
1293 1226 1367 1270 eum

404 1303 625 1366 tolerabilibus
640 1303 746 1385 nugis,
761 1303 840 1368 dum
856 1304 1133 1370 Gnathonieorum
1153 1305 1249 1371 lectio
1271 1308 1368 1371 abeat

405 1423 536 1488 semper
561 1404 595 1467 in
623 1406 738 1468 malam
764 1428 843 1486 rem,
869 1416 902 1469 et
931 1405 1010 1471 finnt
1039 1427 1166 1489 semper
1194 1407 1367 1472 novissime

405 1504 494 1568 illius
525 1503 683 1569 deteriora
712 1507 880 1589 prioribus.
929 1507 1073 1571 Caeteros
1102 1507 1172 1572 dies
1203 1529 1280 1572 suus
1309 1530 1367 1572 ex-

410 1616 533 1689 pectat,
548 1614 580 1669 et
596 1606 709 1685 etium,
723 1608 782 1672 etsi
804 1608 985 1673 int'oecundi
1005 1609 1145 1692 pectoris
1162 1609 1320 1690 angustia,
1336 1619 1369 1673 et

407 1707 473 1770 oris
499 1706 632 1771 ariditas
655 1707 823 1771 infacundi
849 1731 916 1772 non
940 1709 1059 1772 habeat
1082 1730 1182 1793 penes
1209 1731 1253 1787 se,
1280 1708 1367 1792 qued

405 1809 510 1893 possit
524 1809 676 1873 omnibns
691 1808 856 1894 impartiri.
904 1811 955 1875 Tu
970 1811 1102 1895 quando
1118 1811 1317 1887 ambitiosos,
1333 1823 1366 1874 et

405 1908 546 1984 invidos,
576 1921 784 1994 caeterosque,
813 1909 901 1973 domi
931 1921 1047 1975 nostrae
1077 1912 1225 1986 latentes,
1258 1910 1366 1994 egredi

407 2010 497 2089 velis,
513 2009 540 2073 si
554 2021 663 2074 tamen
678 2011 834 2094 praemissi
854 2011 956 2074 libelli
979 2011 1166 2096 placuerint,
1182 2013 1366 2097 expectanti

408 2110 578 2189 denunciet,
595 2121 628 2174 et
648 2112 682 2174 in
703 2113 810 2176 verbis
826 2113 888 2176 tuis
911 2114 1090 2177 calcaribus
1112 2115 1317 2195 urgebuntur,
1332 2125 1368 2177 ut

405 2211 440 2273 in
455 2211 622 2294 publicum
638 2210 804 2294 prodeant.
844 2214 919 2276 Non
931 2213 1017 2276 enim
1033 2234 1146 2276 omnes
1161 2213 1367 2295 aggrediendi

406 2322 483 2374 sunt
512 2312 641 2395 pariter,
672 2334 732 2376 nee
762 2323 872 2397 posset
902 2322 1068 2378 consertus
1101 2335 1211 2377 eorum
1242 2335 1365 2378 cuneus

407 2412 504 2476 facile
519 2414 710 2497 expugnari,
727 2437 827 2498 quum
841 2437 901 2479 nec
928 2417 1007 2500 ipsae
1028 2417 1176 2479 cohortes
1197 2417 1307 2480 leviter
1330 2416 1365 2479 in

407 2534 578 2578 nnmerum
595 2514 722 2579 cadant.

514 2644 575 2696 Non
587 2644 652 2698 mihi
663 2646 685 2697 si
697 2653 800 2700 eentum
811 2646 910 2716 linguae
922 2647 983 2710 sint,
996 2663 1091 2716 oraque
1104 2650 1219 2709 eentum,

512 2730 610 2782 Omnia
621 2748 748 2798 nugarum
760 2751 908 2804 perennare
921 2732 1026 2784 nomine
1039 2748 1151 2801 possem.

681 3183 823 3249 LIBER
847 3180 1089 3246 SEPTIMUS.

802 3363 982 3410 PROLOGUS.

452 3460 628 3523 Eeuussus
657 3460 732 3522 aula
757 3457 937 3534 curialium,
963 3455 1176 3521 declinassem
1208 3460 1369 3524 consortia

409 3571 612 3643 nugatorum,
637 3561 700 3623 nisi
730 3559 839 3623 mein
865 3559 938 3641 ipso
962 3557 1072 3621 limine
1099 3559 1281 3639 abeuntem,
1304 3572 1368 3625 tuae

409 3662 637 3746 praeceptionis
652 3661 842 3724 detinuisset
856 3660 1039 3724 aucteritas.
1085 3661 1191 3733 Quum
1207 3662 1293 3725 enim
1310 3664 1367 3726 tibi

410 3763 517 3827 cordis
540 3763 603 3826 mei
626 3764 790 3847 angustias
810 3761 1017 3846 denudarem,
1039 3771 1071 3825 et
1093 3761 1134 3825 de
1155 3764 1307 3847 temporis
1329 3787 1366 3830 ac

411 3865 484 3927 ritae
506 3864 636 3947 jactura
669 3884 893 3948 conquererer,
920 3863 1029 3926 omnia
1054 3884 1117 3942 me,
1141 3864 1248 3947 quoad
1278 3866 1368 3928 Deus

412 3962 500 4026 aliud
514 3964 681 4038 revelaret,
694 3973 877 4046 statumque
889 3983 994 4023 meum
1005 3962 1189 4025 reformaret
1199 3963 1233 4025 in
1244 3964 1370 4040 melius,

411 4063 485 4125 forti
515 4062 623 4125 animo
653 4062 792 4144 perferre
826 4061 1017 4146 praecepisti,
1048 4061 1186 4125 suadens
1217 4073 1253 4124 ut
1281 4083 1368 4124 more

409 4163 699 4247 laborantium,qui
710 4163 880 4226 cantilenis
892 4175 924 4226 et
934 4183 1047 4226 vocum
1059 4162 1240 4231 dulcedine,
1250 4162 1370 4223 laboris

412 4264 511 4328 taedie
538 4265 729 4347 propulsant
750 4276 805 4327 aut
830 4265 990 4337 minuunt,
1017 4284 1121 4327 rerum
1150 4260 1368 4345 temporisque

413 4363 588 4449 dispendia
611 4384 863 4446 compensarem.
910 4364 995 4426 Nam
1018 4375 1051 4426 et
1073 4359 1298 4425 itinerantibus
1321 4362 1371 4424 via
