<?xml version="1.0" encoding="UTF-8"?>
<!DOCTYPE html PUBLIC "-//W3C//DTD XHTML 1.0 Transitional//EN"
    "http://www.w3.org/TR/xhtml1/DTD/xhtml1-transitional.dtd">
<html xmlns="http://www.w3.org/1999/xhtml" xml:lang="en" lang="en">
 <head>
  <title>
</title>
<meta http-equiv="Content-Type" content="text/html;charset=utf-8" />
  <meta name='ocr-system' content='tesseract 3.04.00' />
  <meta name='ocr-capabilities' content='ocr_page ocr_carea ocr_par ocr_line ocrx_word'/>
</head>
<body>
  <div class='ocr_page' id='page_1' title='image "./joannissaresber17johngoog_0261.png"; bbox 0 0 3550 5467; ppageno 0'>
   <div class='ocr_carea' id='block_1_1' title="bbox 275 720 1232 801">
    <p class='ocr_par' dir='ltr' id='par_1_1' title="bbox 275 720 1232 801">
     <span class='ocr_line' id='line_1_1' title="bbox 275 720 1232 801; baseline 0.009 -22"><span class='ocrx_word' id='word_1_1' title='bbox 275 735 352 781; x_wconf 76' lang='lat' dir='ltr'><strong>cnr.</strong></span> <span class='ocrx_word' id='word_1_2' title='bbox 373 720 437 801; x_wconf 75' lang='lat' dir='ltr'><strong>rm]</strong></span> <span class='ocrx_word' id='word_1_3' title='bbox 624 740 879 787; x_wconf 72' lang='lat' dir='ltr'><strong>eosrcasmcus.</strong></span> <span class='ocrx_word' id='word_1_4' title='bbox 1171 728 1232 790; x_wconf 72' lang='lat'><strong>251</strong></span> 
     </span>
    </p>
   </div>
   <div class='ocr_carea' id='block_1_2' title="bbox 274 887 1237 1261">
    <p class='ocr_par' dir='ltr' id='par_1_2' title="bbox 274 887 1237 1261">
     <span class='ocr_line' id='line_1_2' title="bbox 275 887 1237 982; baseline 0.011 -34"><span class='ocrx_word' id='word_1_5' title='bbox 275 894 388 951; x_wconf 64' lang='lat' dir='ltr'><strong>tenter</strong></span> <span class='ocrx_word' id='word_1_6' title='bbox 403 887 569 975; x_wconf 89' lang='lat' dir='ltr'><strong>impletur,</strong></span> <span class='ocrx_word' id='word_1_7' title='bbox 585 904 641 954; x_wconf 86' lang='lat' dir='ltr'><strong>aut</strong></span> <span class='ocrx_word' id='word_1_8' title='bbox 662 891 717 956; x_wconf 90' lang='lat' dir='ltr'><strong>ubi</strong></span> <span class='ocrx_word' id='word_1_9' title='bbox 740 892 877 957; x_wconf 87' lang='lat' dir='ltr'><strong>clamore</strong></span> <span class='ocrx_word' id='word_1_10' title='bbox 899 893 1044 959; x_wconf 88' lang='lat' dir='ltr'><strong>anserino</strong></span> <span class='ocrx_word' id='word_1_11' title='bbox 1066 907 1099 958; x_wconf 89' lang='lat' dir='ltr'><strong>et</strong></span> <span class='ocrx_word' id='word_1_12' title='bbox 1119 895 1237 982; x_wconf 87' lang='lat' dir='ltr'><strong>ineptia</strong></span> 
     </span>
     <span class='ocr_line' id='line_1_3' title="bbox 274 988 1234 1080; baseline 0.008 -29"><span class='ocrx_word' id='word_1_13' title='bbox 274 988 407 1069; x_wconf 83' lang='lat' dir='ltr'><strong>sabulis,</strong></span> <span class='ocrx_word' id='word_1_14' title='bbox 422 991 569 1054; x_wconf 86' lang='lat' dir='ltr'><strong>convivia</strong></span> <span class='ocrx_word' id='word_1_15' title='bbox 584 1002 798 1079; x_wconf 89' lang='lat' dir='ltr'><strong>perstrepunt.</strong></span> <span class='ocrx_word' id='word_1_16' title='bbox 846 994 914 1058; x_wconf 90' lang='lat' dir='ltr'><strong>Nec</strong></span> <span class='ocrx_word' id='word_1_17' title='bbox 929 1007 976 1059; x_wconf 90' lang='lat' dir='ltr'><strong>est</strong></span> <span class='ocrx_word' id='word_1_18' title='bbox 998 993 1055 1080; x_wconf 90' lang='lat' dir='ltr'><strong>qui</strong></span> <span class='ocrx_word' id='word_1_19' title='bbox 1074 995 1234 1059; x_wconf 77' lang='lat' dir='ltr'><strong>Musicani</strong></span> 
     </span>
     <span class='ocr_line' id='line_1_4' title="bbox 274 1091 1234 1180; baseline 0.006 -28"><span class='ocrx_word' id='word_1_20' title='bbox 274 1103 395 1166; x_wconf 85' lang='lat' dir='ltr'><strong>arceat,</strong></span> <span class='ocrx_word' id='word_1_21' title='bbox 410 1112 511 1175; x_wconf 89' lang='lat' dir='ltr'><strong>quum</strong></span> <span class='ocrx_word' id='word_1_22' title='bbox 528 1114 579 1154; x_wconf 90' lang='lat' dir='ltr'><strong>ars</strong></span> <span class='ocrx_word' id='word_1_23' title='bbox 601 1091 748 1156; x_wconf 89' lang='lat' dir='ltr'>innocens</span> <span class='ocrx_word' id='word_1_24' title='bbox 770 1093 821 1167; x_wconf 89' lang='lat' dir='ltr'><strong>sit,</strong></span> <span class='ocrx_word' id='word_1_25' title='bbox 839 1092 919 1156; x_wconf 88' lang='lat' dir='ltr'><strong>adeo</strong></span> <span class='ocrx_word' id='word_1_26' title='bbox 941 1093 1083 1180; x_wconf 87' lang='lat' dir='ltr'><strong>quidem,</strong></span> <span class='ocrx_word' id='word_1_27' title='bbox 1109 1107 1144 1158; x_wconf 90' lang='lat' dir='ltr'><strong>ut</strong></span> <span class='ocrx_word' id='word_1_28' title='bbox 1166 1117 1234 1158; x_wconf 89' lang='lat' dir='ltr'><strong>earn</strong></span> 
     </span>
     <span class='ocr_line' id='line_1_5' title="bbox 277 1191 968 1261; baseline 0.009 -6"><span class='ocrx_word' id='word_1_29' title='bbox 277 1191 428 1257; x_wconf 79' lang='lat' dir='ltr'><strong>Socrates</strong></span> <span class='ocrx_word' id='word_1_30' title='bbox 442 1192 562 1257; x_wconf 82' lang='lat' dir='ltr'>discere</span> <span class='ocrx_word' id='word_1_31' title='bbox 576 1195 608 1257; x_wconf 92' lang='lat' dir='ltr'><strong>in</strong></span> <span class='ocrx_word' id='word_1_32' title='bbox 625 1208 787 1261; x_wconf 83' lang='lat' dir='ltr'>senectute</span> <span class='ocrx_word' id='word_1_33' title='bbox 799 1196 968 1261; x_wconf 84' lang='lat' dir='ltr'>curaverit.</span> 
     </span>
    </p>
   </div>
   <div class='ocr_carea' id='block_1_3' title="bbox 274 1307 1022 1458">
    <p class='ocr_par' dir='ltr' id='par_1_3' title="bbox 274 1307 1022 1458">
     <span class='ocr_line' id='line_1_6' title="bbox 384 1307 1022 1378; baseline 0.003 -18"><span class='ocrx_word' id='word_1_34' title='bbox 384 1307 536 1361; x_wconf 89' lang='lat' dir='ltr'><strong>Cantabunt</strong></span> <span class='ocrx_word' id='word_1_35' title='bbox 547 1308 612 1360; x_wconf 91' lang='lat' dir='ltr'><strong>mihi</strong></span> <span class='ocrx_word' id='word_1_36' title='bbox 623 1310 770 1376; x_wconf 87' lang='lat' dir='ltr'><strong>Damoetaa,</strong></span> <span class='ocrx_word' id='word_1_37' title='bbox 784 1319 811 1364; x_wconf 86' lang='lat' dir='ltr'><strong>et</strong></span> <span class='ocrx_word' id='word_1_38' title='bbox 824 1312 912 1363; x_wconf 85' lang='lat' dir='ltr'><strong>Licius</strong></span> <span class='ocrx_word' id='word_1_39' title='bbox 924 1312 1022 1378; x_wconf 82' lang='lat' dir='ltr'><strong>AEgnn,</strong></span> 
     </span>
     <span class='ocr_line' id='line_1_7' title="bbox 274 1392 449 1458; baseline 0.011 -2"><span class='ocrx_word' id='word_1_40' title='bbox 274 1392 370 1457; x_wconf 85' lang='lat' dir='ltr'><strong>civile</strong></span> <span class='ocrx_word' id='word_1_41' title='bbox 384 1408 449 1458; x_wconf 88' lang='lat' dir='ltr'><strong>est:</strong></span> 
     </span>
    </p>
   </div>
   <div class='ocr_carea' id='block_1_4' title="bbox 268 1495 1233 4447">
    <p class='ocr_par' dir='ltr' id='par_1_4' title="bbox 268 1495 1233 4447">
     <span class='ocr_line' id='line_1_8' title="bbox 382 1495 1000 1569; baseline 0.005 -22"><span class='ocrx_word' id='word_1_42' title='bbox 382 1495 515 1549; x_wconf 85' lang='lat' dir='ltr'><strong>Saltantes</strong></span> <span class='ocrx_word' id='word_1_43' title='bbox 528 1495 636 1565; x_wconf 77' lang='lat' dir='ltr'><strong>Satyros</strong></span> <span class='ocrx_word' id='word_1_44' title='bbox 647 1497 791 1549; x_wconf 79' lang='lat' dir='ltr'><strong>imitabitur</strong></span> <span class='ocrx_word' id='word_1_45' title='bbox 802 1495 1000 1569; x_wconf 67' lang='lat' dir='ltr'><strong>Alphesiboeus,</strong></span> 
     </span>
     <span class='ocr_line' id='line_1_9' title="bbox 273 1581 1233 1687; baseline 0.007 -24"><span class='ocrx_word' id='word_1_46' title='bbox 273 1599 316 1663; x_wconf 90' lang='lat' dir='ltr'><strong>ad</strong></span> <span class='ocrx_word' id='word_1_47' title='bbox 344 1599 469 1686; x_wconf 88' lang='lat' dir='ltr'><strong>plebeia</strong></span> <span class='ocrx_word' id='word_1_48' title='bbox 496 1601 620 1665; x_wconf 81' lang='lat' dir='ltr'><strong>transit.</strong></span> <span class='ocrx_word' id='word_1_49' title='bbox 667 1601 820 1686; x_wconf 84' lang='lat' dir='ltr'><strong>Illaergo</strong></span> <span class='ocrx_word' id='word_1_50' title='bbox 842 1625 917 1687; x_wconf 89' lang='lat' dir='ltr'><strong>quae</strong></span> <span class='ocrx_word' id='word_1_51' title='bbox 936 1602 1062 1687; x_wconf 90' lang='lat' dir='ltr'><strong>aptiora</strong></span> <span class='ocrx_word' id='word_1_52' title='bbox 1088 1581 1174 1680; x_wconf 84' lang='lat' dir='ltr'><strong>suht,</strong></span> <span class='ocrx_word' id='word_1_53' title='bbox 1202 1618 1233 1670; x_wconf 92' lang='lat' dir='ltr'><strong>et</strong></span> 
     </span>
     <span class='ocr_line' id='line_1_10' title="bbox 273 1703 1233 1794; baseline 0.006 -30"><span class='ocrx_word' id='word_1_54' title='bbox 273 1703 362 1766; x_wconf 83' lang='lat' dir='ltr'><strong>vitiis</strong></span> <span class='ocrx_word' id='word_1_55' title='bbox 381 1704 484 1786; x_wconf 82' lang='lat' dir='ltr'><strong>magis</strong></span> <span class='ocrx_word' id='word_1_56' title='bbox 503 1703 646 1781; x_wconf 86' lang='lat' dir='ltr'><strong>adversa,</strong></span> <span class='ocrx_word' id='word_1_57' title='bbox 670 1703 860 1790; x_wconf 84' lang='lat' dir='ltr'><strong>proferenda</strong></span> <span class='ocrx_word' id='word_1_58' title='bbox 881 1717 955 1768; x_wconf 94' lang='lat' dir='ltr'><strong>sunt</strong></span> <span class='ocrx_word' id='word_1_59' title='bbox 979 1705 1087 1782; x_wconf 84' lang='lat' dir='ltr'><strong>verba,</strong></span> <span class='ocrx_word' id='word_1_60' title='bbox 1109 1718 1140 1770; x_wconf 88' lang='lat' dir='ltr'><strong>et</strong></span> <span class='ocrx_word' id='word_1_61' title='bbox 1159 1730 1233 1794; x_wconf 81' lang='lat' dir='ltr'><strong>quae</strong></span> 
     </span>
     <span class='ocr_line' id='line_1_11' title="bbox 273 1802 1233 1892; baseline 0.005 -26"><span class='ocrx_word' id='word_1_62' title='bbox 273 1802 437 1867; x_wconf 83' lang='lat' dir='ltr'><strong>luxuriam</strong></span> <span class='ocrx_word' id='word_1_63' title='bbox 455 1804 620 1890; x_wconf 86' lang='lat' dir='ltr'><strong>jugulant,</strong></span> <span class='ocrx_word' id='word_1_64' title='bbox 635 1818 741 1868; x_wconf 86' lang='lat' dir='ltr'><strong>amota</strong></span> <span class='ocrx_word' id='word_1_65' title='bbox 756 1816 861 1868; x_wconf 90' lang='lat' dir='ltr'><strong>tamen</strong></span> <span class='ocrx_word' id='word_1_66' title='bbox 882 1804 933 1867; x_wconf 85' lang='lat' dir='ltr'><strong>vel</strong></span> <span class='ocrx_word' id='word_1_67' title='bbox 950 1807 1039 1868; x_wconf 89' lang='lat' dir='ltr'><strong>tenui</strong></span> <span class='ocrx_word' id='word_1_68' title='bbox 1056 1805 1233 1892; x_wconf 86' lang='lat' dir='ltr'><strong>suspicione</strong></span> 
     </span>
     <span class='ocr_line' id='line_1_12' title="bbox 271 1906 1233 1994; baseline 0.003 -24"><span class='ocrx_word' id='word_1_69' title='bbox 271 1907 428 1971; x_wconf 79' lang='lat' dir='ltr'><strong>avaritiae.</strong></span> <span class='ocrx_word' id='word_1_70' title='bbox 475 1906 561 1972; x_wconf 83' lang='lat' dir='ltr'><strong>Licet</strong></span> <span class='ocrx_word' id='word_1_71' title='bbox 579 1907 662 1971; x_wconf 87' lang='lat' dir='ltr'><strong>enim</strong></span> <span class='ocrx_word' id='word_1_72' title='bbox 678 1906 964 1993; x_wconf 82' lang='lat' dir='ltr'><strong>intemperantibus</strong></span> <span class='ocrx_word' id='word_1_73' title='bbox 979 1908 1020 1970; x_wconf 88' lang='lat' dir='ltr'><strong>sit</strong></span> <span class='ocrx_word' id='word_1_74' title='bbox 1035 1908 1138 1994; x_wconf 86' lang='lat' dir='ltr'><strong>sopita</strong></span> <span class='ocrx_word' id='word_1_75' title='bbox 1153 1931 1233 1973; x_wconf 89' lang='lat' dir='ltr'><strong>vena</strong></span> 
     </span>
     <span class='ocr_line' id='line_1_13' title="bbox 271 2009 1232 2094; baseline 0.004 -22"><span class='ocrx_word' id='word_1_76' title='bbox 271 2009 406 2094; x_wconf 83' lang='lat' dir='ltr'><strong>ingenii,</strong></span> <span class='ocrx_word' id='word_1_77' title='bbox 432 2032 494 2073; x_wconf 91' lang='lat' dir='ltr'><strong>non</strong></span> <span class='ocrx_word' id='word_1_78' title='bbox 520 2011 649 2074; x_wconf 91' lang='lat' dir='ltr'><strong>omnino</strong></span> <span class='ocrx_word' id='word_1_79' title='bbox 675 2010 850 2074; x_wconf 84' lang='lat' dir='ltr'><strong>extinctam</strong></span> <span class='ocrx_word' id='word_1_80' title='bbox 881 2031 962 2086; x_wconf 88' lang='lat' dir='ltr'><strong>esse,</strong></span> <span class='ocrx_word' id='word_1_81' title='bbox 986 2024 1145 2076; x_wconf 88' lang='lat' dir='ltr'><strong>correctus</strong></span> <span class='ocrx_word' id='word_1_82' title='bbox 1172 2014 1232 2076; x_wconf 82' lang='lat' dir='ltr'><strong>Po·</strong></span> 
     </span>
     <span class='ocr_line' id='line_1_14' title="bbox 272 2109 1233 2198; baseline 0.005 -26"><span class='ocrx_word' id='word_1_83' title='bbox 272 2109 371 2175; x_wconf 89' lang='lat' dir='ltr'><strong>lemio</strong></span> <span class='ocrx_word' id='word_1_84' title='bbox 401 2111 490 2176; x_wconf 80' lang='lat' dir='ltr'><strong>testis</strong></span> <span class='ocrx_word' id='word_1_85' title='bbox 514 2128 572 2177; x_wconf 91' lang='lat' dir='ltr'><strong>est.</strong></span> <span class='ocrx_word' id='word_1_86' title='bbox 621 2113 684 2178; x_wconf 85' lang='lat' dir='ltr'><strong>llic</strong></span> <span class='ocrx_word' id='word_1_87' title='bbox 713 2126 820 2178; x_wconf 89' lang='lat' dir='ltr'><strong>autem</strong></span> <span class='ocrx_word' id='word_1_88' title='bbox 843 2111 977 2198; x_wconf 86' lang='lat' dir='ltr'><strong>perditae</strong></span> <span class='ocrx_word' id='word_1_89' title='bbox 1000 2114 1135 2180; x_wconf 79' lang='lat' dir='ltr'><strong>luxuriae</strong></span> <span class='ocrx_word' id='word_1_90' title='bbox 1157 2115 1233 2178; x_wconf 87' lang='lat' dir='ltr'><strong>ado-</strong></span> 
     </span>
     <span class='ocr_line' id='line_1_15' title="bbox 271 2213 1231 2302; baseline 0.004 -25"><span class='ocrx_word' id='word_1_91' title='bbox 271 2213 393 2278; x_wconf 88' lang='lat' dir='ltr'><strong>lescens</strong></span> <span class='ocrx_word' id='word_1_92' title='bbox 405 2215 542 2280; x_wconf 86' lang='lat' dir='ltr'><strong>Athenis</strong></span> <span class='ocrx_word' id='word_1_93' title='bbox 553 2215 627 2291; x_wconf 88' lang='lat' dir='ltr'><strong>suit,</strong></span> <span class='ocrx_word' id='word_1_94' title='bbox 639 2239 741 2300; x_wconf 91' lang='lat' dir='ltr'><strong>neque</strong></span> <span class='ocrx_word' id='word_1_95' title='bbox 752 2214 908 2280; x_wconf 85' lang='lat' dir='ltr'><strong>illecebris</strong></span> <span class='ocrx_word' id='word_1_96' title='bbox 920 2217 988 2302; x_wconf 86' lang='lat' dir='ltr'><strong>ejus</strong></span> <span class='ocrx_word' id='word_1_97' title='bbox 1000 2217 1231 2292; x_wconf 89' lang='lat' dir='ltr'><strong>tantummodo,</strong></span> 
     </span>
     <span class='ocr_line' id='line_1_16' title="bbox 270 2315 1229 2403; baseline 0.003 -24"><span class='ocrx_word' id='word_1_98' title='bbox 270 2316 327 2380; x_wconf 88' lang='lat' dir='ltr'><strong>sed</strong></span> <span class='ocrx_word' id='word_1_99' title='bbox 348 2330 380 2380; x_wconf 89' lang='lat' dir='ltr'><strong>et</strong></span> <span class='ocrx_word' id='word_1_100' title='bbox 396 2315 465 2403; x_wconf 88' lang='lat' dir='ltr'><strong>ipsa</strong></span> <span class='ocrx_word' id='word_1_101' title='bbox 483 2318 615 2381; x_wconf 77' lang='lat' dir='ltr'><strong>infamia</strong></span> <span class='ocrx_word' id='word_1_102' title='bbox 634 2317 787 2403; x_wconf 89' lang='lat' dir='ltr'><strong>gaudens.</strong></span> <span class='ocrx_word' id='word_1_103' title='bbox 834 2320 942 2396; x_wconf 85' lang='lat' dir='ltr'><strong>Quum</strong></span> <span class='ocrx_word' id='word_1_104' title='bbox 958 2343 975 2382; x_wconf 88' lang='lat' dir='ltr'><strong>e</strong></span> <span class='ocrx_word' id='word_1_105' title='bbox 995 2319 1152 2399; x_wconf 85' lang='lat' dir='ltr'><strong>convivio,</strong></span> <span class='ocrx_word' id='word_1_106' title='bbox 1167 2342 1229 2383; x_wconf 90' lang='lat' dir='ltr'><strong>nou</strong></span> 
     </span>
     <span class='ocr_line' id='line_1_17' title="bbox 270 2420 1231 2506; baseline 0.002 -23"><span class='ocrx_word' id='word_1_107' title='bbox 270 2432 344 2501; x_wconf 81' lang='lat' dir='ltr'><strong>post</strong></span> <span class='ocrx_word' id='word_1_108' title='bbox 368 2440 514 2483; x_wconf 87' lang='lat' dir='ltr'><strong>occasum</strong></span> <span class='ocrx_word' id='word_1_109' title='bbox 539 2420 632 2497; x_wconf 85' lang='lat' dir='ltr'><strong>Solis,</strong></span> <span class='ocrx_word' id='word_1_110' title='bbox 656 2420 710 2484; x_wconf 86' lang='lat' dir='ltr'><strong>sed</strong></span> <span class='ocrx_word' id='word_1_111' title='bbox 732 2433 804 2506; x_wconf 91' lang='lat' dir='ltr'><strong>post</strong></span> <span class='ocrx_word' id='word_1_112' title='bbox 826 2435 928 2485; x_wconf 88' lang='lat' dir='ltr'><strong>ortem</strong></span> <span class='ocrx_word' id='word_1_113' title='bbox 952 2423 1151 2499; x_wconf 89' lang='lat' dir='ltr'><strong>surrexisset,</strong></span> <span class='ocrx_word' id='word_1_114' title='bbox 1174 2422 1231 2486; x_wconf 89' lang='lat' dir='ltr'><strong>do-</strong></span> 
     </span>
     <span class='ocr_line' id='line_1_18' title="bbox 270 2520 1231 2609; baseline 0.005 -27"><span class='ocrx_word' id='word_1_115' title='bbox 270 2541 427 2605; x_wconf 87' lang='lat' dir='ltr'><strong>mumque</strong></span> <span class='ocrx_word' id='word_1_116' title='bbox 442 2520 578 2598; x_wconf 85' lang='lat' dir='ltr'><strong>rediens‚</strong></span> <span class='ocrx_word' id='word_1_117' title='bbox 594 2523 781 2586; x_wconf 85' lang='lat' dir='ltr'><strong>Xenocratis</strong></span> <span class='ocrx_word' id='word_1_118' title='bbox 799 2522 980 2608; x_wconf 87' lang='lat' dir='ltr'><strong>philosophi</strong></span> <span class='ocrx_word' id='word_1_119' title='bbox 1001 2535 1161 2607; x_wconf 87' lang='lat' dir='ltr'><strong>patentem</strong></span> <span class='ocrx_word' id='word_1_120' title='bbox 1179 2525 1231 2609; x_wconf 91' lang='lat' dir='ltr'><strong>ja·</strong></span> 
     </span>
     <span class='ocr_line' id='line_1_19' title="bbox 271 2622 1230 2708; baseline 0.005 -24"><span class='ocrx_word' id='word_1_121' title='bbox 271 2643 369 2685; x_wconf 79' lang='lat' dir='ltr'><strong>nuum</strong></span> <span class='ocrx_word' id='word_1_122' title='bbox 386 2622 529 2699; x_wconf 91' lang='lat' dir='ltr'><strong>vidisset,</strong></span> <span class='ocrx_word' id='word_1_123' title='bbox 542 2623 616 2687; x_wconf 84' lang='lat' dir='ltr'><strong>vino</strong></span> <span class='ocrx_word' id='word_1_124' title='bbox 630 2625 749 2708; x_wconf 82' lang='lat' dir='ltr'><strong>gravis,</strong></span> <span class='ocrx_word' id='word_1_125' title='bbox 762 2624 936 2708; x_wconf 84' lang='lat' dir='ltr'><strong>unguentis</strong></span> <span class='ocrx_word' id='word_1_126' title='bbox 952 2623 1127 2703; x_wconf 89' lang='lat' dir='ltr'><strong>delibutus,</strong></span> <span class='ocrx_word' id='word_1_127' title='bbox 1138 2626 1230 2689; x_wconf 86' lang='lat' dir='ltr'><strong>sertia</strong></span> 
     </span>
     <span class='ocr_line' id='line_1_20' title="bbox 270 2725 1226 2812; baseline 0.002 -24"><span class='ocrx_word' id='word_1_128' title='bbox 270 2726 377 2810; x_wconf 90' lang='lat' dir='ltr'><strong>capite</strong></span> <span class='ocrx_word' id='word_1_129' title='bbox 407 2726 564 2806; x_wconf 85' lang='lat' dir='ltr'><strong>redimito,</strong></span> <span class='ocrx_word' id='word_1_130' title='bbox 594 2726 757 2812; x_wconf 88' lang='lat' dir='ltr'><strong>perlucida</strong></span> <span class='ocrx_word' id='word_1_131' title='bbox 788 2738 874 2789; x_wconf 84' lang='lat' dir='ltr'><strong>veste</strong></span> <span class='ocrx_word' id='word_1_132' title='bbox 904 2727 1050 2799; x_wconf 86' lang='lat' dir='ltr'><strong>amictus,</strong></span> <span class='ocrx_word' id='word_1_133' title='bbox 1080 2725 1226 2791; x_wconf 88' lang='lat' dir='ltr'><strong>refertam</strong></span> 
     </span>
     <span class='ocr_line' id='line_1_21' title="bbox 272 2826 1228 2914; baseline 0.001 -22"><span class='ocrx_word' id='word_1_134' title='bbox 272 2828 369 2892; x_wconf 88' lang='lat' dir='ltr'><strong>turba</strong></span> <span class='ocrx_word' id='word_1_135' title='bbox 384 2826 549 2893; x_wconf 89' lang='lat' dir='ltr'><strong>doctorum</strong></span> <span class='ocrx_word' id='word_1_136' title='bbox 567 2829 729 2893; x_wconf 88' lang='lat' dir='ltr'><strong>hominum</strong></span> <span class='ocrx_word' id='word_1_137' title='bbox 754 2828 893 2891; x_wconf 86' lang='lat' dir='ltr'><strong>scholam</strong></span> <span class='ocrx_word' id='word_1_138' title='bbox 910 2831 981 2914; x_wconf 89' lang='lat' dir='ltr'><strong>ejus</strong></span> <span class='ocrx_word' id='word_1_139' title='bbox 997 2827 1146 2892; x_wconf 88' lang='lat' dir='ltr'><strong>intravit:</strong></span> <span class='ocrx_word' id='word_1_140' title='bbox 1172 2851 1228 2893; x_wconf 90' lang='lat' dir='ltr'><strong>nec</strong></span> 
     </span>
     <span class='ocr_line' id='line_1_22' title="bbox 272 2929 1231 3006; baseline 0 -14"><span class='ocrx_word' id='word_1_141' title='bbox 272 2941 443 2994; x_wconf 89' lang='lat' dir='ltr'><strong>contentus</strong></span> <span class='ocrx_word' id='word_1_142' title='bbox 466 2944 530 2994; x_wconf 90' lang='lat' dir='ltr'><strong>tam</strong></span> <span class='ocrx_word' id='word_1_143' title='bbox 554 2931 687 2994; x_wconf 87' lang='lat' dir='ltr'><strong>deformi</strong></span> <span class='ocrx_word' id='word_1_144' title='bbox 712 2932 856 3006; x_wconf 91' lang='lat' dir='ltr'><strong>introitu,</strong></span> <span class='ocrx_word' id='word_1_145' title='bbox 880 2929 1043 3004; x_wconf 89' lang='lat' dir='ltr'><strong>consedit;</strong></span> <span class='ocrx_word' id='word_1_146' title='bbox 1069 2942 1101 2993; x_wconf 87' lang='lat' dir='ltr'><strong>et</strong></span> <span class='ocrx_word' id='word_1_147' title='bbox 1116 2943 1153 2994; x_wconf 89' lang='lat' dir='ltr'><strong>ut</strong></span> <span class='ocrx_word' id='word_1_148' title='bbox 1168 2930 1231 2994; x_wconf 90' lang='lat' dir='ltr'><strong>cla-</strong></span> 
     </span>
     <span class='ocr_line' id='line_1_23' title="bbox 271 3028 1230 3119; baseline 0.002 -25"><span class='ocrx_word' id='word_1_149' title='bbox 271 3028 433 3096; x_wconf 86' lang='lat' dir='ltr'><strong>rissimum</strong></span> <span class='ocrx_word' id='word_1_150' title='bbox 461 3032 639 3119; x_wconf 88' lang='lat' dir='ltr'><strong>eloquium,</strong></span> <span class='ocrx_word' id='word_1_151' title='bbox 664 3047 696 3097; x_wconf 88' lang='lat' dir='ltr'><strong>et</strong></span> <span class='ocrx_word' id='word_1_152' title='bbox 721 3031 967 3119; x_wconf 87' lang='lat' dir='ltr'><strong>prudentissima</strong></span> <span class='ocrx_word' id='word_1_153' title='bbox 994 3045 1157 3117; x_wconf 76' lang='lat' dir='ltr'><strong>proecepta</strong></span> <span class='ocrx_word' id='word_1_154' title='bbox 1184 3045 1230 3096; x_wconf 89' lang='lat' dir='ltr'><strong>te·</strong></span> 
     </span>
     <span class='ocr_line' id='line_1_24' title="bbox 270 3132 1227 3220; baseline 0.002 -23"><span class='ocrx_word' id='word_1_155' title='bbox 270 3132 434 3198; x_wconf 81' lang='lat' dir='ltr'><strong>molentiae</strong></span> <span class='ocrx_word' id='word_1_156' title='bbox 446 3132 580 3198; x_wconf 87' lang='lat' dir='ltr'><strong>lasciviis</strong></span> <span class='ocrx_word' id='word_1_157' title='bbox 596 3133 745 3199; x_wconf 85' lang='lat' dir='ltr'><strong>elevaret.</strong></span> <span class='ocrx_word' id='word_1_158' title='bbox 784 3133 866 3198; x_wconf 88' lang='lat' dir='ltr'><strong>Orta</strong></span> <span class='ocrx_word' id='word_1_159' title='bbox 880 3132 1009 3211; x_wconf 84' lang='lat' dir='ltr'><strong>deinde,</strong></span> <span class='ocrx_word' id='word_1_160' title='bbox 1024 3148 1060 3198; x_wconf 91' lang='lat' dir='ltr'><strong>ut</strong></span> <span class='ocrx_word' id='word_1_161' title='bbox 1075 3156 1134 3220; x_wconf 82' lang='lat' dir='ltr'><strong>pur</strong></span> <span class='ocrx_word' id='word_1_162' title='bbox 1149 3149 1227 3209; x_wconf 88' lang='lat' dir='ltr'><strong>erat,</strong></span> 
     </span>
     <span class='ocr_line' id='line_1_25' title="bbox 269 3232 1227 3322; baseline 0.001 -23"><span class='ocrx_word' id='word_1_163' title='bbox 269 3232 413 3300; x_wconf 89' lang='lat' dir='ltr'><strong>omnium</strong></span> <span class='ocrx_word' id='word_1_164' title='bbox 436 3236 666 3322; x_wconf 84' lang='lat' dir='ltr'><strong>indignatione,</strong></span> <span class='ocrx_word' id='word_1_165' title='bbox 690 3241 885 3301; x_wconf 88' lang='lat' dir='ltr'><strong>Xenocrates</strong></span> <span class='ocrx_word' id='word_1_166' title='bbox 909 3239 1033 3299; x_wconf 84' lang='lat' dir='ltr'><strong>vultum</strong></span> <span class='ocrx_word' id='word_1_167' title='bbox 1058 3235 1089 3298; x_wconf 90' lang='lat' dir='ltr'><strong>iu</strong></span> <span class='ocrx_word' id='word_1_168' title='bbox 1116 3235 1227 3300; x_wconf 86' lang='lat' dir='ltr'><strong>eodem</strong></span> 
     </span>
     <span class='ocr_line' id='line_1_26' title="bbox 270 3325 1228 3423; baseline 0 -22"><span class='ocrx_word' id='word_1_169' title='bbox 270 3337 383 3403; x_wconf 89' lang='lat' dir='ltr'><strong>habitu</strong></span> <span class='ocrx_word' id='word_1_170' title='bbox 406 3338 577 3418; x_wconf 87' lang='lat' dir='ltr'><strong>continuit,</strong></span> <span class='ocrx_word' id='word_1_171' title='bbox 598 3338 778 3423; x_wconf 86' lang='lat' dir='ltr'><strong>omissaque</strong></span> <span class='ocrx_word' id='word_1_172' title='bbox 803 3360 848 3413; x_wconf 87' lang='lat' dir='ltr'><strong>re,</strong></span> <span class='ocrx_word' id='word_1_173' title='bbox 871 3358 969 3423; x_wconf 87' lang='lat' dir='ltr'><strong>quam</strong></span> <span class='ocrx_word' id='word_1_174' title='bbox 985 3325 1172 3416; x_wconf 81' lang='lat' dir='ltr'><strong>disserebat,</strong></span> <span class='ocrx_word' id='word_1_175' title='bbox 1188 3338 1228 3401; x_wconf 92' lang='lat' dir='ltr'><strong>de</strong></span> 
     </span>
     <span class='ocr_line' id='line_1_27' title="bbox 269 3435 1228 3524; baseline -0.003 -23"><span class='ocrx_word' id='word_1_176' title='bbox 269 3438 426 3503; x_wconf 89' lang='lat' dir='ltr'><strong>modestia</strong></span> <span class='ocrx_word' id='word_1_177' title='bbox 446 3459 484 3504; x_wconf 89' lang='lat' dir='ltr'><strong>ac</strong></span> <span class='ocrx_word' id='word_1_178' title='bbox 501 3436 710 3524; x_wconf 84' lang='lat' dir='ltr'><strong>temperantia</strong></span> <span class='ocrx_word' id='word_1_179' title='bbox 732 3436 820 3522; x_wconf 88' lang='lat' dir='ltr'><strong>loqui</strong></span> <span class='ocrx_word' id='word_1_180' title='bbox 843 3435 951 3521; x_wconf 90' lang='lat' dir='ltr'><strong>coepit.</strong></span> <span class='ocrx_word' id='word_1_181' title='bbox 998 3435 1102 3520; x_wconf 87' lang='lat' dir='ltr'><strong>Cujus</strong></span> <span class='ocrx_word' id='word_1_182' title='bbox 1123 3436 1228 3520; x_wconf 83' lang='lat' dir='ltr'><strong>gravi-</strong></span> 
     </span>
     <span class='ocr_line' id='line_1_28' title="bbox 270 3533 1226 3623; baseline -0.003 -19"><span class='ocrx_word' id='word_1_183' title='bbox 270 3553 336 3604; x_wconf 92' lang='lat' dir='ltr'><strong>tate</strong></span> <span class='ocrx_word' id='word_1_184' title='bbox 367 3537 518 3604; x_wconf 87' lang='lat' dir='ltr'><strong>sermonis</strong></span> <span class='ocrx_word' id='word_1_185' title='bbox 548 3538 729 3623; x_wconf 81' lang='lat' dir='ltr'><strong>resipiscere</strong></span> <span class='ocrx_word' id='word_1_186' title='bbox 751 3547 879 3601; x_wconf 90' lang='lat' dir='ltr'><strong>coactus</strong></span> <span class='ocrx_word' id='word_1_187' title='bbox 910 3533 1062 3615; x_wconf 84' lang='lat' dir='ltr'><strong>Polemio,</strong></span> <span class='ocrx_word' id='word_1_188' title='bbox 1090 3535 1226 3622; x_wconf 87' lang='lat' dir='ltr'><strong>primurn</strong></span> 
     </span>
     <span class='ocr_line' id='line_1_29' title="bbox 268 3637 1227 3726; baseline -0.003 -21"><span class='ocrx_word' id='word_1_189' title='bbox 268 3664 417 3706; x_wconf 90' lang='lat' dir='ltr'><strong>coronam</strong></span> <span class='ocrx_word' id='word_1_190' title='bbox 440 3639 537 3726; x_wconf 88' lang='lat' dir='ltr'><strong>capiti</strong></span> <span class='ocrx_word' id='word_1_191' title='bbox 560 3640 734 3704; x_wconf 87' lang='lat' dir='ltr'><strong>detractam</strong></span> <span class='ocrx_word' id='word_1_192' title='bbox 763 3639 917 3725; x_wconf 84' lang='lat' dir='ltr'><strong>projecit:</strong></span> <span class='ocrx_word' id='word_1_193' title='bbox 942 3637 1038 3724; x_wconf 88' lang='lat' dir='ltr'><strong>paulo</strong></span> <span class='ocrx_word' id='word_1_194' title='bbox 1060 3652 1132 3724; x_wconf 90' lang='lat' dir='ltr'><strong>post</strong></span> <span class='ocrx_word' id='word_1_195' title='bbox 1156 3639 1227 3703; x_wconf 89' lang='lat' dir='ltr'><strong>bra-</strong></span> 
     </span>
     <span class='ocr_line' id='line_1_30' title="bbox 269 3740 1225 3829; baseline -0.002 -21"><span class='ocrx_word' id='word_1_196' title='bbox 269 3744 375 3809; x_wconf 89' lang='lat' dir='ltr'><strong>chium</strong></span> <span class='ocrx_word' id='word_1_197' title='bbox 404 3744 488 3808; x_wconf 91' lang='lat' dir='ltr'><strong>intra</strong></span> <span class='ocrx_word' id='word_1_198' title='bbox 517 3742 648 3829; x_wconf 89' lang='lat' dir='ltr'><strong>pallium</strong></span> <span class='ocrx_word' id='word_1_199' title='bbox 675 3742 816 3806; x_wconf 84' lang='lat' dir='ltr'><strong>reduxit.</strong></span> <span class='ocrx_word' id='word_1_200' title='bbox 862 3740 1058 3806; x_wconf 88' lang='lat' dir='ltr'><strong>Procedente</strong></span> <span class='ocrx_word' id='word_1_201' title='bbox 1084 3751 1225 3828; x_wconf 88' lang='lat' dir='ltr'><strong>ternpore</strong></span> 
     </span>
     <span class='ocr_line' id='line_1_31' title="bbox 269 3842 1223 3930; baseline -0.004 -19"><span class='ocrx_word' id='word_1_202' title='bbox 269 3847 333 3912; x_wconf 91' lang='lat' dir='ltr'><strong>oris</strong></span> <span class='ocrx_word' id='word_1_203' title='bbox 362 3844 534 3910; x_wconf 82' lang='lat' dir='ltr'><strong>convivalis</strong></span> <span class='ocrx_word' id='word_1_204' title='bbox 563 3843 755 3908; x_wconf 85' lang='lat' dir='ltr'><strong>hilaritatem</strong></span> <span class='ocrx_word' id='word_1_205' title='bbox 786 3844 945 3930; x_wconf 89' lang='lat' dir='ltr'><strong>deposuit.</strong></span> <span class='ocrx_word' id='word_1_206' title='bbox 992 3842 1042 3908; x_wconf 79' lang='lat' dir='ltr'><strong>Ad</strong></span> <span class='ocrx_word' id='word_1_207' title='bbox 1074 3842 1223 3908; x_wconf 90' lang='lat' dir='ltr'><strong>ultimum</strong></span> 
     </span>
     <span class='ocr_line' id='line_1_32' title="bbox 270 3944 1226 4034; baseline -0.008 -19"><span class='ocrx_word' id='word_1_208' title='bbox 270 3962 370 4015; x_wconf 89' lang='lat' dir='ltr'><strong>totam</strong></span> <span class='ocrx_word' id='word_1_209' title='bbox 388 3947 548 4012; x_wconf 86' lang='lat' dir='ltr'><strong>luxuriam</strong></span> <span class='ocrx_word' id='word_1_210' title='bbox 563 3947 664 4023; x_wconf 88' lang='lat' dir='ltr'><strong>exuit,</strong></span> <span class='ocrx_word' id='word_1_211' title='bbox 677 3948 837 4034; x_wconf 84' lang='lat' dir='ltr'><strong>uniusque</strong></span> <span class='ocrx_word' id='word_1_212' title='bbox 849 3949 1003 4011; x_wconf 90' lang='lat' dir='ltr'><strong>orationis</strong></span> <span class='ocrx_word' id='word_1_213' title='bbox 1017 3944 1226 4009; x_wconf 86' lang='lat' dir='ltr'><strong>saluberrima</strong></span> 
     </span>
     <span class='ocr_line' id='line_1_33' title="bbox 269 4047 1227 4135; baseline -0.008 -18"><span class='ocrx_word' id='word_1_214' title='bbox 269 4052 427 4118; x_wconf 84' lang='lat' dir='ltr'><strong>medicina</strong></span> <span class='ocrx_word' id='word_1_215' title='bbox 437 4064 578 4129; x_wconf 88' lang='lat' dir='ltr'><strong>sanutus,</strong></span> <span class='ocrx_word' id='word_1_216' title='bbox 589 4073 629 4113; x_wconf 88' lang='lat' dir='ltr'><strong>ex</strong></span> <span class='ocrx_word' id='word_1_217' title='bbox 644 4051 755 4114; x_wconf 80' lang='lat' dir='ltr'><strong>infami</strong></span> <span class='ocrx_word' id='word_1_218' title='bbox 764 4072 907 4135; x_wconf 82' lang='lat' dir='ltr'><strong>ganeone</strong></span> <span class='ocrx_word' id='word_1_219' title='bbox 919 4051 1077 4114; x_wconf 85' lang='lat' dir='ltr'><strong>maximus</strong></span> <span class='ocrx_word' id='word_1_220' title='bbox 1089 4047 1227 4132; x_wconf 88' lang='lat' dir='ltr'><strong>philoso-</strong></span> 
     </span>
     <span class='ocr_line' id='line_1_34' title="bbox 270 4147 1227 4242; baseline -0.01 -22"><span class='ocrx_word' id='word_1_221' title='bbox 270 4156 355 4242; x_wconf 90' lang='lat' dir='ltr'><strong>phus</strong></span> <span class='ocrx_word' id='word_1_222' title='bbox 370 4155 481 4218; x_wconf 85' lang='lat' dir='ltr'><strong>evasit.</strong></span> <span class='ocrx_word' id='word_1_223' title='bbox 512 4151 738 4236; x_wconf 79' lang='lat' dir='ltr'><strong>peregrinatus</strong></span> <span class='ocrx_word' id='word_1_224' title='bbox 753 4166 800 4215; x_wconf 88' lang='lat' dir='ltr'><strong>est</strong></span> <span class='ocrx_word' id='word_1_225' title='bbox 817 4153 925 4237; x_wconf 89' lang='lat' dir='ltr'><strong>itaque</strong></span> <span class='ocrx_word' id='word_1_226' title='bbox 941 4150 1042 4235; x_wconf 86' lang='lat' dir='ltr'><strong>hujus</strong></span> <span class='ocrx_word' id='word_1_227' title='bbox 1056 4147 1180 4209; x_wconf 86' lang='lat' dir='ltr'><strong>animus</strong></span> <span class='ocrx_word' id='word_1_228' title='bbox 1196 4147 1227 4211; x_wconf 91' lang='lat' dir='ltr'><strong>in</strong></span> 
     </span>
     <span class='ocr_line' id='line_1_35' title="bbox 269 4246 1228 4347; baseline -0.014 -24"><span class='ocrx_word' id='word_1_229' title='bbox 269 4258 423 4347; x_wconf 87' lang='lat' dir='ltr'><strong>nequitia,</strong></span> <span class='ocrx_word' id='word_1_230' title='bbox 447 4279 504 4320; x_wconf 92' lang='lat' dir='ltr'><strong>nec</strong></span> <span class='ocrx_word' id='word_1_231' title='bbox 528 4255 702 4319; x_wconf 86' lang='lat' dir='ltr'><strong>habitavit:</strong></span> <span class='ocrx_word' id='word_1_232' title='bbox 727 4253 858 4317; x_wconf 81' lang='lat' dir='ltr'><strong>divertit</strong></span> <span class='ocrx_word' id='word_1_233' title='bbox 874 4251 1020 4337; x_wconf 88' lang='lat' dir='ltr'><strong>paulum,</strong></span> <span class='ocrx_word' id='word_1_234' title='bbox 1040 4246 1093 4309; x_wconf 87' lang='lat' dir='ltr'><strong>sed</strong></span> <span class='ocrx_word' id='word_1_235' title='bbox 1111 4268 1228 4332; x_wconf 87' lang='lat' dir='ltr'><strong>nequa-</strong></span> 
     </span>
     <span class='ocr_line' id='line_1_36' title="bbox 269 4347 1227 4447; baseline -0.011 -22"><span class='ocrx_word' id='word_1_236' title='bbox 269 4385 366 4447; x_wconf 85' lang='lat' dir='ltr'><strong>qnam</strong></span> <span class='ocrx_word' id='word_1_237' title='bbox 383 4357 578 4426; x_wconf 88' lang='lat' dir='ltr'><strong>domicilium</strong></span> <span class='ocrx_word' id='word_1_238' title='bbox 594 4357 673 4421; x_wconf 79' lang='lat' dir='ltr'><strong>fixit</strong></span> <span class='ocrx_word' id='word_1_239' title='bbox 722 4359 886 4419; x_wconf 85' lang='lat' dir='ltr'><strong>Postremo</strong></span> <span class='ocrx_word' id='word_1_240' title='bbox 904 4373 1003 4415; x_wconf 88' lang='lat' dir='ltr'><strong>unum</strong></span> <span class='ocrx_word' id='word_1_241' title='bbox 1020 4347 1123 4411; x_wconf 88' lang='lat' dir='ltr'><strong>estad</strong></span> <span class='ocrx_word' id='word_1_242' title='bbox 1140 4353 1227 4433; x_wconf 88' lang='lat' dir='ltr'><strong>quod</strong></span> 
     </span>
    </p>
   </div>
   <div class='ocr_carea' id='block_1_5' title="bbox 0 0 1780 5467">
    <p class='ocr_par' dir='ltr' id='par_1_5' title="bbox 0 0 1780 5467">
     <span class='ocr_line' id='line_1_37' title="bbox 0 0 1780 5467; baseline 0 3"><span class='ocrx_word' id='word_1_243' title='bbox 0 0 1780 5467; x_wconf 95' lang='lat' dir='ltr'><strong> </strong></span> 
     </span>
    </p>
   </div>
  </div>
 </body>
</html>
