3550 5467
411 751 478 795 cir.
496 732 589 812 xxa]
769 748 1021 795 rotrcnarrcus.
1312 738 1371 795 169

405 899 537 964 historia
560 900 635 964 hinc
656 910 876 984 contemptum
902 899 1072 984 religionis,
1095 921 1167 963 cum
1190 901 1370 984 arrogantia

406 1003 551 1081 tumoris,
568 1002 645 1067 inde
664 1003 866 1067 devotionern
883 1003 969 1083 fidei,
985 1017 1018 1067 et
1038 1003 1225 1068 humilitatis
1245 1005 1368 1067 cultum

405 1106 614 1171 remunerat?
642 1112 727 1172 Nam
743 1119 776 1169 et
793 1105 896 1172 David
918 1106 1058 1193 quietem
1076 1106 1165 1192 regni
1181 1107 1369 1193 assequitur,

406 1221 438 1273 et
455 1208 583 1273 Michol
607 1231 714 1295 pravae
737 1209 960 1295 increpationis
981 1210 1094 1274 merito
1109 1210 1222 1275 sterilis
1243 1210 1321 1286 obit,
1337 1223 1370 1274 et

408 1311 534 1376 nullum
558 1311 668 1397 inclyti
691 1311 828 1395 generis,
847 1325 879 1376 et
902 1313 1001 1377 felicis
1024 1313 1217 1377 matrimonii
1240 1313 1371 1399 reliquit

406 1415 559 1480 fructum.
599 1414 700 1478 Recte
713 1414 855 1501 quidem,
866 1438 967 1501 quum
980 1427 1012 1479 et
1027 1415 1148 1479 Michol
1161 1415 1263 1479 omnis
1274 1437 1367 1501 aqua,

407 1516 457 1580 vel
474 1539 515 1580 ex
530 1515 679 1580 omnibus
693 1516 929 1601 interpretetur.
975 1518 1140 1604 Siquidem
1156 1516 1369 1581 multitudinis

407 1617 568 1704 imperitae
583 1618 762 1695 consilium,
778 1632 812 1682 et
826 1642 900 1706 quac
923 1618 1075 1705 populare
1086 1619 1246 1704 judicium
1263 1619 1369 1704 sequi-

406 1742 470 1799 tur,
492 1723 617 1787 fructus
641 1722 716 1785 boni
743 1743 802 1785 nec
824 1721 1071 1806 jucunditatem,
1098 1742 1157 1784 nec
1181 1721 1367 1785 memoriam

407 1826 515 1889 babet
532 1827 859 1912 Veruntamenquum
868 1825 942 1888 istos
949 1824 1367 1908 consiliariosmagnatorum

409 1926 559 2001 audieris,
576 1948 777 2012 nequaquam
797 1925 1007 2011 suspicaberis
1032 1925 1153 1989 Michol
1170 1925 1237 1988 sine
1260 1925 1368 1989 sobole

408 2028 590 2093 decessisse.
628 2029 751 2093 Omnes
766 2028 852 2090 enim
869 2027 950 2091 lilios
968 2027 1089 2090 Michol
1105 2050 1173 2091 esse
1191 2027 1368 2105 miraberis,

410 2143 443 2195 et
464 2131 490 2194 si
515 2153 579 2195 non
603 2153 742 2207 carnem,
759 2130 905 2217 spiritum
920 2153 960 2194 ex
982 2131 1112 2195 traduce
1135 2130 1219 2195 illius
1240 2130 1368 2217 putabis

410 2233 608 2318 processisse.
653 2238 698 2299 Et
713 2256 776 2319 quo
798 2233 883 2296 istud
899 2232 1020 2297 facilius
1043 2232 1101 2296 tibi
1118 2234 1317 2319 persuadeas,
1333 2234 1367 2297 hi

408 2336 462 2423 qui
472 2336 612 2400 divinam
624 2356 778 2400 evacuare
790 2336 942 2413 nituntur,
954 2350 989 2399 ut
1001 2359 1089 2400 suam
1100 2349 1252 2416 statuant,
1258 2350 1369 2401 aucto·

410 2439 548 2515 ritatem,
565 2438 632 2502 sine
648 2438 755 2502 liberis
771 2439 958 2516 moriuntur,
972 2451 1027 2503 aut
1042 2462 1095 2503 eos
1111 2439 1296 2527 relinquunt
1311 2440 1367 2504 de·

407 2561 544 2624 generes
559 2551 592 2602 et
606 2539 743 2622 ignavos.
792 2539 1007 2604 Proculdubio
1021 2541 1163 2628 quisquis
1178 2541 1368 2605 ecclesiasti·

410 2663 479 2704 cam
490 2639 643 2726 deprimit
653 2639 846 2721 libertatem,
856 2654 912 2704 aut
926 2641 1058 2725 punitur
1068 2643 1101 2703 in
1114 2663 1157 2716 se,
1169 2652 1224 2704 aut
1235 2641 1368 2725 punitur

410 2743 442 2806 in
458 2742 578 2807 sobole.
617 2741 779 2807 Amittunt
796 2765 872 2826 ergo
887 2743 944 2805 filii
962 2742 1057 2805 etiam
1078 2742 1213 2828 propria,
1230 2764 1302 2806 cum
1319 2742 1368 2807 his

410 2866 494 2931 quae,
511 2846 616 2909 lavore
632 2866 754 2925 eorum,
769 2856 901 2931 paterna
917 2844 1062 2930 impietas
1078 2844 1254 2929 occupavit.

409 3085 479 3168 Cap
506 3088 561 3147 al.
585 3085 637 3146 De
659 3087 841 3165 hypocritis,
859 3088 917 3166 qui
943 3084 1126 3146 anrbitionis
1147 3081 1260 3159 labem,
1274 3083 1368 3167 falsa

543 3189 705 3266 religionis·
721 3187 873 3267 immine,
888 3189 1048 3248 nitantur
1067 3185 1237 3246 occultare.

453 3336 564 3399 chur
579 3348 686 3397 autem
704 3334 815 3420 populi
833 3335 1005 3409 temeritas,
1018 3348 1074 3397 aut
1087 3333 1216 3398 licentia
1231 3347 1367 3417 potesta-

411 3449 491 3510 tum,
519 3433 688 3520 praeceptis
713 3434 875 3518 legitimis,
901 3449 932 3498 et
960 3435 1067 3497 divina
1095 3435 1293 3500 institutione
1320 3456 1368 3498 re-

408 3538 501 3622 primi
518 3538 630 3622 possit,
644 3537 777 3601 ambitio
794 3552 898 3601 tamen
917 3537 1072 3601 dominari
1088 3561 1149 3601 non
1173 3553 1287 3625 potest.
1334 3538 1366 3602 Si

410 3640 493 3702 enim
511 3643 542 3703 in
560 3639 729 3702 manifesto
744 3661 805 3701 non
823 3639 931 3717 audet,
947 3639 1091 3704 clanculo
1108 3641 1218 3727 serpit,
1233 3656 1263 3705 et
1280 3642 1368 3705 frau-

411 3741 561 3807 dulenter
590 3741 779 3826 ingreditur.
828 3743 859 3804 Si
888 3742 971 3805 sores
1002 3743 1152 3808 Ecclesiae
1182 3744 1367 3808 muneribus

411 3866 472 3906 non
489 3843 623 3927 aperiat,
636 3841 661 3905 si
677 3866 733 3906 nec
749 3866 818 3918 sua,
831 3866 887 3907 nce
904 3843 1005 3907 aliena
1018 3845 1164 3910 violentia
1176 3859 1365 3920 reserantur,

411 3945 557 4030 confugit
574 3945 614 4010 ad
632 3960 715 4009 artes
731 3944 863 4010 fallaciae
880 3969 957 4024 snae,
971 3947 1076 4009 omnia
1097 3971 1170 4032 quae
1186 3947 1363 4012 libertatem

410 4047 613 4130 impugnant,
627 4069 702 4130 quae
717 4046 883 4110 doctorum
902 4061 1022 4110 statuta
1038 4047 1230 4121 convellunt,
1243 4060 1275 4109 et
1290 4069 1364 4131 quoe

410 4147 554 4232 religioni
571 4149 729 4211 contraria
752 4163 836 4226 sunt,
852 4161 917 4212 tota
942 4149 1088 4213 libertate
1111 4149 1241 4232 spiritus
1263 4146 1366 4207 detes-

411 4265 506 4315 tatur.
556 4250 717 4326 Sinonem,
745 4267 779 4313 ut
806 4252 964 4335 simplices
994 4263 1024 4312 et
1056 4249 1201 4312 credulos
1232 4247 1366 4308 eircum-

410 4353 528 4425 vcniat,
547 4351 710 4414 miraberis
726 4351 863 4415 rediisse.
912 4351 1044 4414 Simulat
1064 4365 1092 4412 ct
1111 4347 1300 4421 dissimulat,
1317 4360 1348 4409 et
