3550 5467
405 738 476 783 ear.
493 719 607 798 xxnn]
767 738 1021 783 roarcrurncus.
1296 721 1358 791 359

410 885 583 968 litigatum,
598 902 630 951 et
647 910 708 951 non
730 892 795 952 sine
818 892 969 973 sanguine
990 885 1129 953 fraterna
1149 886 1256 950 sanata
1272 906 1356 947 sanc·

408 1000 514 1049 torum
530 991 691 1072 ingressus
707 991 747 1052 sit
764 987 917 1073 pontifex.
966 987 1133 1054 Concitata
1148 1002 1223 1051 sunt
1242 988 1359 1050 iterum

406 1086 500 1162 bella,
515 1087 685 1172 plusquam
701 1088 815 1167 civilia,
830 1088 914 1151 inter
933 1086 1090 1151 Caesarem
1112 1103 1143 1151 et
1160 1084 1359 1170 Pompeium,

408 1201 439 1250 et
456 1188 610 1274 quicquid
627 1189 796 1275 Philippis,
815 1189 972 1264 Leucade,
989 1191 1140 1264 Mutinoe,
1157 1189 1188 1251 in
1205 1190 1360 1271 AEgypto,

412 1291 609 1375 Hispaniave
624 1304 856 1376 praesumptum
873 1303 933 1367 est,
945 1290 1099 1376 quicquid
1114 1291 1211 1375 impie
1223 1301 1360 1370 gestum,

411 1413 522 1476 pugna
551 1392 753 1456 sacerdotalis
789 1391 932 1456 absolvit.
996 1391 1153 1477 Nunquid
1188 1390 1363 1456 Christiani

411 1494 572 1576 sanguinis
598 1507 768 1579 procurant
792 1493 988 1567 effusionem,
1017 1507 1051 1556 ut
1076 1493 1121 1556 eis
1149 1515 1216 1576 pra‘
1240 1490 1362 1553 caeteris

411 1591 502 1655 liceat
525 1616 584 1678 pro
607 1617 713 1678 grege,
734 1593 820 1675 quod
844 1592 978 1676 pastoris
1000 1606 1059 1671 est,
1078 1594 1198 1655 animas
1221 1591 1361 1674 ponere?

413 1693 570 1778 Nunquid
595 1694 756 1758 ecclesiam
779 1692 925 1771 diruunt,
940 1694 1111 1777 profanant
1132 1709 1250 1771 sancta,
1267 1708 1302 1755 ut
1323 1690 1364 1752 sit

414 1795 501 1880 quod
526 1795 674 1859 aedificari
696 1809 728 1859 et
749 1793 937 1860 sanctificari
959 1798 1129 1880 oporteat?
1167 1791 1365 1876 Concutiunt

414 1895 561 1981 populos,
587 1919 684 1981 regna
709 1895 889 1970 sollicitant,
913 1896 1111 1960 ecclesiarum
1138 1896 1295 1980 diripiunt
1320 1891 1366 1955 fa-

414 1995 560 2072 cultates,
581 1998 664 2061 sorte
685 2011 719 2061 ut
744 1998 806 2061 sibi
829 1996 947 2063 faciant
969 1998 1132 2062 materiam
1154 1993 1365 2083 promerendi,

416 2110 452 2162 ut
478 2113 668 2182 componant
695 2099 810 2172 omnia,
838 2114 873 2162 ut
902 2098 1098 2184 pauperibus
1127 2096 1307 2171 miserendi,
1334 2107 1366 2158 et

414 2198 614 2283 providendi,
644 2198 714 2262 aliis
743 2201 1006 2263 concurrentibus
1038 2200 1254 2263 necessitatem
1285 2219 1367 2282 prae·

415 2298 541 2384 ripiant.
588 2301 621 2363 Si
645 2302 727 2363 enim
750 2316 786 2365 ut
810 2301 905 2387 plura
925 2303 985 2367 sibi
1001 2300 1130 2388 impune
1145 2300 1271 2376 liceant,
1288 2299 1312 2361 si
1330 2310 1367 2361 ut

416 2402 580 2485 pecuniam
605 2416 809 2486 congregent,
826 2403 850 2465 si
867 2416 904 2467 ut
926 2427 1051 2468 carnem
1069 2417 1100 2467 et
1120 2406 1304 2486 sanguinem
1321 2399 1368 2462 l'o-

418 2513 520 2573 veant‚
537 2501 684 2578 dilatent,
704 2515 736 2564 et
758 2517 974 2583 corrumpant,
997 2504 1023 2564 si
1047 2517 1083 2566 ut
1105 2502 1256 2565 familiam
1280 2498 1370 2562 nobi·

418 2601 521 2680 litent,
537 2605 562 2665 si
585 2602 724 2684 denique
748 2615 783 2664 ut
804 2602 936 2683 gloriam
954 2624 1040 2664 suam
1066 2614 1209 2686 quaerant
1231 2600 1262 2662 in
1286 2603 1370 2661 clero

416 2702 613 2767 dominantes
639 2722 700 2763 non
726 2701 830 2762 forma
855 2700 933 2763 sacti
961 2701 1068 2784 gregis
1093 2724 1133 2764 ex
1157 2700 1272 2775 animo,
1296 2698 1368 2762 licet

417 2806 509 2870 labiis
524 2820 555 2867 et
573 2801 773 2867 simulatione
784 2800 878 2863 officii
891 2815 1049 2886 pastorem
1065 2803 1212 2876 induant,
1225 2800 1369 2885 tyrannis

414 2926 512 2990 quam
536 2901 733 2987 principibus
756 2900 880 2964 facilius
902 2900 1067 2965 accedunt.
1113 2902 1236 2965 Dicunt
1264 2898 1366 2984 pbilo-

418 3005 521 3090 sophi,
550 3017 582 3067 et
613 3025 722 3065 verum
753 3002 901 3080 arbitror,
927 3003 1005 3066 nibil
1036 3003 1066 3066 in
1097 3003 1194 3066 rebus
1224 3000 1370 3063 humanis

420 3105 533 3170 utilius
554 3104 691 3182 bomine,
705 3117 737 3168 ct
752 3105 785 3167 in
808 3105 886 3190 ipsis
907 3105 1099 3180 hominibus,
1115 3103 1258 3188 principe
1273 3100 1370 3164 eccle·

417 3208 554 3283 siastico,
571 3205 618 3268 rel
636 3208 810 3280 mundana,
827 3227 919 3268 nemo
935 3204 1053 3269 utilior.
1099 3207 1129 3267 E
1145 3204 1269 3267 diverso
1291 3200 1371 3264 nibil

420 3310 538 3371 homini
550 3305 756 3392 perniciosius
766 3305 904 3380 homine,
915 3306 983 3370 etin
995 3307 1040 3371 eis
1049 3303 1371 3391 tyrannussecularis,

418 3423 472 3474 aut
495 3407 732 3486 ecclesiasticus,
756 3406 960 3491 perniciosior
981 3419 1038 3471 est.
1084 3405 1146 3472 Sed
1170 3404 1313 3491 profecto
1338 3406 1371 3468 in

420 3521 556 3594 utroque
585 3528 711 3591 genere,
742 3509 913 3570 secularem
946 3506 1173 3570 ecclesiasticus
1202 3501 1370 3568 antecedit.

420 3613 473 3675 Sal
496 3609 578 3671 enim
603 3607 798 3670 infatuatum
822 3608 862 3670 ad
886 3607 1114 3671 nihilomnino
1136 3607 1231 3685 valet,
1254 3603 1310 3669 nisi
1336 3620 1372 3668 ut

423 3711 605 3796 projiciatur
620 3710 716 3784 sorae,
728 3722 760 3771 et
776 3712 981 3773 conculcetur
992 3709 1032 3773 ab
1044 3708 1234 3772 hominibus.
1275 3709 1373 3771 Porro

525 3835 616 3899 Usque
628 3833 693 3883 adeo
704 3831 774 3884 aolus
785 3831 880 3884 ferrum
892 3838 1050 3902 mortemque
1062 3835 1153 3886 limare

526 3919 591 3969 Auri
603 3917 684 3968 nescit
695 3935 774 3979 amor,
787 3925 896 3988 pereunt
908 3920 1056 3972 discrimine
1067 3918 1146 3980 nullo,

526 4003 642 4052 Amissae
653 4001 735 4068 leges.
773 4002 826 4053 Sed
839 4021 899 4072 pars
911 4004 1037 4055 vilissima
1048 4019 1133 4054 rerum

526 4085 667 4137 Certamen
679 4087 796 4138 movistis
808 4104 879 4156 opes.

423 4201 511 4281 Ergo
526 4197 690 4261 dividatur
707 4196 823 4269 unitas,
838 4196 1006 4277 integritas
1021 4194 1196 4272 scindatur,
1212 4195 1372 4260 sinceritas

422 4309 656 4385 corrumpatur,
679 4297 857 4361 maculetur
879 4311 911 4360 ct
935 4296 1098 4372 sanctitas,
1121 4293 1232 4358 mundi
1254 4316 1372 4358 novum
