3550 5467
531 727 590 784 152
787 735 923 780 massis
940 735 1222 780 sanesnamsssrs
1336 719 1418 798 [un.
1435 741 1478 785 ru

529 892 658 954 lectum.
690 890 742 953 Sic
754 886 890 952 callidus
902 908 1029 970 mango,
1040 885 1117 948 dum
1135 888 1191 971 qui
1209 885 1329 950 durius
1345 890 1486 972 provehit

528 1015 659 1078 equum,
681 1005 736 1055 aut
765 989 888 1076 pullum
916 989 1086 1074 probitatis
1107 988 1283 1072 incognitae
1305 991 1485 1074 gradarium

529 1095 687 1179 promittit
717 1094 748 1156 in
779 1093 938 1168 futurum,
965 1105 996 1155 et
1027 1091 1139 1156 fractis
1168 1092 1337 1175 gressibus
1367 1093 1487 1157 mollius

529 1196 723 1259 incedentem
741 1193 936 1280 propensiori
949 1193 1042 1257 laude
1057 1191 1266 1259 instabulum
1279 1194 1401 1259 incauti
1414 1219 1488 1260 mer-

530 1300 645 1362 catoris
659 1295 812 1365 extrudit.

533 1664 612 1747 Cap.
633 1668 680 1727 19.
703 1665 755 1726 De
776 1664 826 1724 iris
848 1664 905 1742 qui
926 1661 1144 1742 impudentias
1167 1663 1320 1736 irruunt,
1336 1662 1408 1724 sine
1428 1663 1488 1724 dis·

574 1767 782 1828 simulatione
801 1762 991 1835 ambitionis,
1006 1782 1201 1843 quassasque
1223 1764 1323 1841 ratio,
1337 1783 1394 1825 nec
1416 1784 1487 1826 aue·

574 1871 690 1929 toritas
703 1869 875 1947 reprimere
887 1872 996 1946 potest.

576 2005 789 2065 Corsrsronr
812 2024 828 2062 e
853 2004 980 2085 regione
1003 2022 1099 2085 quarn
1123 1998 1267 2086 plurimi,
1287 2023 1487 2088 nequaquam

531 2101 764 2166 dissimulantes
777 2103 985 2187 propositum,
997 2102 1050 2167 sed
1064 2102 1246 2167 ambitionis
1258 2103 1349 2189 qnasi
1364 2103 1414 2182 (ut
1429 2103 1488 2166 diei

533 2204 627 2285 solet)
662 2203 798 2287 insignia
829 2221 1056 2288 praeconantes,
1086 2205 1314 2289 praedictorum
1346 2205 1489 2270 derident

532 2305 701 2388 ignaviam,
718 2305 803 2370 velut
827 2306 975 2385 militum,
990 2308 1045 2393 qui
1066 2307 1188 2374 militiae
1210 2331 1275 2373 suae
1291 2308 1407 2373 titulos
1430 2329 1488 2372 nou

532 2407 669 2471 audeant
686 2407 840 2492 profiteri.
884 2407 928 2470 Hi
946 2409 1018 2474 licet
1034 2409 1152 2494 impuri
1173 2411 1248 2485 siut,
1265 2424 1296 2474 et
1320 2433 1378 2473 nec
1395 2410 1488 2475 vitam

533 2533 621 2574 suam
640 2509 735 2572 velint
753 2509 885 2594 erigere,
901 2532 957 2572 nec
979 2511 1079 2575 sciant
1099 2511 1256 2575 instruere
1272 2510 1419 2587 alienam,
1434 2513 1489 2575 im·

533 2612 669 2690 mundis,
693 2622 729 2674 ut
753 2610 883 2690 dicitur,
910 2611 1054 2698 pedibus,
1079 2613 1223 2676 certatim
1251 2614 1434 2696 irrumpunt
1458 2615 1488 2677 iu

533 2727 642 2777 sancta
657 2727 849 2787 sanctorum,
874 2735 971 2799 panes
999 2713 1175 2777 Dominicae
1199 2714 1439 2799 propositionis,
1459 2729 1487 2777 et

534 2839 644 2881 carnes
659 2814 732 2900 agni
756 2815 950 2878 immaculati
973 2837 1057 2878 assas
1073 2816 1146 2898 igne
1169 2815 1325 2900 passionis
1340 2818 1372 2880 in
1389 2839 1489 2890 cruce,

534 2940 598 2981 non
615 2918 710 2981 modo
724 2915 831 2996 illotis,
846 2915 900 2979 sed
918 2914 1049 3002 pollutis
1065 2917 1102 2995 (si
1119 2916 1224 2999 liceat)
1248 2917 1397 2982 manibus
1413 2930 1489 2981 trac-

535 3018 642 3082 taturi.
692 3019 737 3081 Hi
765 3032 840 3082 sunt
870 3017 927 3103 qui
954 3018 1025 3082 licet
1057 3018 1160 3103 primo
1190 3018 1295 3094 aditu,
1322 3042 1359 3083 ac
1385 3021 1492 3105 janui⁸

534 3119 711 3185 habeantur
727 3121 861 3205 indigni,
879 3120 1029 3184 continuo
1053 3136 1156 3184 tamen
1174 3122 1312 3185 tendunt
1337 3122 1378 3185 ad
1395 3144 1489 3185 sacer-

534 3220 670 3301 dotium,
691 3221 841 3286 festinant
865 3222 906 3286 ad
926 3221 1077 3299 tribunal,
1097 3232 1129 3284 et
1150 3222 1287 3306 repulsis
1309 3225 1434 3302 ceteris,
1449 3224 1490 3286 sic

536 3320 631 3382 sacris
652 3320 805 3384 altaribus
827 3321 992 3400 incubant,
1007 3335 1043 3384 ut
1061 3319 1128 3402 jam
1154 3342 1215 3383 non
1232 3320 1273 3384 ad
1298 3322 1445 3399 sormam,
1459 3335 1489 3386 et

534 3421 715 3505 exemplum
733 3422 940 3505 praebendum
963 3422 1059 3508 plebi,
1074 3423 1152 3487 ordo
1167 3423 1221 3487 ille
1242 3424 1393 3490 videatur
1408 3425 1490 3490 insti·

535 3534 637 3598 tutus,
653 3520 708 3584 sed
730 3544 796 3583 esse
818 3523 942 3585 occasio
965 3524 1112 3608 quaedam
1136 3525 1167 3587 in
1189 3525 1387 3591 abundantia
1402 3542 1434 3593 et
1449 3550 1491 3590 se·

535 3621 670 3686 caritate
688 3621 825 3686 vivendi.
866 3625 935 3687 Nec
955 3639 1091 3711 putatur
1105 3625 1243 3690 officium
1267 3627 1417 3693 districto
1433 3629 1491 3693 Dei

530 3721 654 3807 judicio
675 3721 860 3797 obnoxium,
884 3725 938 3788 sed
963 3749 1073 3790 secura
1095 3727 1255 3812 quiedam,
1277 3743 1309 3794 et
1333 3753 1488 3818 nusquam

535 3822 734 3886 discutienda
745 3823 990 3890 administratio.
1019 3828 1139 3892 Credas
1151 3827 1232 3893 illud
1245 3832 1406 3916 poeticum
1420 3854 1491 3895 voce

535 3925 688 4011 praeconis
702 3927 851 3991 omnibus
866 3929 1023 3993 sonuisse:

779 4043 895 4115 Occupet
908 4051 1053 4097 extremum
1065 4048 1174 4099 scabies.

537 4141 617 4205 Inde
647 4156 692 4205 est
725 4144 808 4227 quod
836 4167 956 4219 omnes,
982 4145 1073 4229 quasi
1101 4147 1132 4209 in
1161 4147 1255 4212 stadii
1281 4173 1396 4235 agone,
1423 4175 1489 4214 eon·

537 4245 683 4324 tendunt,
707 4243 929 4307 anhelantibus
956 4245 1097 4328 singulis,
1125 4270 1163 4310 ne
1191 4251 1413 4338 episcopatum
1444 4274 1491 4315 ae·

537 4346 629 4431 cipiat
654 4344 742 4409 alter.
791 4345 879 4409 Votis
903 4368 988 4430 ergo,
1006 4347 1064 4410 etsi
1088 4370 1149 4411 non
1173 4372 1216 4426 re,
1237 4350 1345 4434 plures
1362 4376 1491 4418 numero
