3550 5467
412 759 484 802 car.
500 741 601 819 aura]
783 759 1040 805 coarcaarrcus.
1304 743 1366 809 am

411 908 547 972 verbosa
571 914 675 975 Deum
701 911 887 974 timentibus
909 911 1120 975 innotescunt.
1166 913 1235 975 Fur
1260 927 1367 978 autem

410 1010 483 1093 quis
505 1015 557 1090 sit,
577 1012 698 1097 duplici
720 1011 838 1077 ratione
858 1012 1032 1095 colligitur.
1078 1015 1161 1077 Nam
1182 1013 1235 1076 ille
1251 1016 1307 1099 qui
1327 1016 1367 1079 de

405 1114 646 1178 conversatione
656 1128 790 1191 terrena,
803 1135 858 1199 per
873 1115 1031 1198 superbiae
1044 1115 1171 1195 scalam,
1183 1117 1365 1182 ambitionis

407 1228 441 1278 et
467 1216 617 1278 vitiorum
641 1216 799 1300 ¹gradibus
825 1217 1024 1290 innitentem,
1051 1217 1082 1279 in
1110 1217 1191 1281 ovile
1213 1219 1366 1298 ascendit,

411 1315 543 1378 Christo
557 1329 748 1400 contempto,
765 1315 795 1377 id
813 1328 872 1389 est,
888 1314 1031 1399 neglecta
1048 1329 1132 1379 recta
1148 1318 1198 1380 via
1213 1333 1245 1382 ct
1258 1318 1364 1404 plana,

410 1416 546 1479 sinuosis
567 1416 764 1479 anfractibus
788 1416 944 1479 liminaria
966 1416 1109 1492 suffodit,
1132 1431 1188 1481 aut
1210 1421 1365 1503 parietum

406 1518 577 1602 juncturas
599 1518 759 1602 irrumpit,
776 1531 831 1581 aut
855 1541 912 1603 per
929 1518 1053 1601 tegulas
1073 1518 1197 1582 infusus
1212 1520 1367 1600 illabitur,

410 1621 555 1705 profecto
570 1622 623 1683 sur
638 1633 683 1683 est
701 1636 732 1683 et
746 1620 833 1683 latro.
881 1619 947 1693 Qui
966 1643 1040 1683 vero
1056 1619 1184 1685 Christo
1205 1620 1366 1706 aperiente

410 1721 542 1797 ostium,
557 1722 591 1786 id
607 1735 665 1797 est,
681 1721 810 1785 ecclesia
826 1736 958 1786 vocante
972 1721 1162 1804 ingreditur,
1178 1736 1209 1785 et
1225 1739 1365 1807 postmo-

410 1820 489 1884 dum
506 1821 566 1884 sub
588 1822 701 1885 umbra
724 1822 859 1906 pastoris
880 1823 1016 1886 efficitur
1038 1835 1233 1906 persecutor,
1258 1823 1289 1885 id
1306 1838 1365 1897 cst,

410 1923 536 2007 spoliat,
553 1937 680 1995 mactat,
697 1924 824 2001 occidit,
841 1937 871 1988 et
889 1924 1005 2010 perdit,
1021 1926 1073 1988 sur
1094 1923 1293 1990 indubitatus
1308 1942 1368 1990 eet.

412 2026 466 2086 Tu
485 2024 556 2088 vide
572 2026 603 2087 in
619 2048 684 2109 quo
698 2025 801 2109 gradu
819 2027 954 2112 ponendi
972 2026 1151 2105 videantur,
1166 2029 1287 2112 quibua
1303 2051 1364 2092 non

410 2126 525 2191 sufficit
541 2127 638 2190 divini
651 2128 734 2212 juris
750 2128 874 2192 licentia
897 2128 1029 2192 tondere
1044 2144 1075 2191 et
1092 2127 1243 2193 devorare
1258 2153 1382 2213 pecus,¹

409 2227 468 2290 nisi
486 2227 672 2291 secularium
691 2229 795 2312 legum
822 2231 991 2316 implorent
1014 2230 1145 2307 atrxilia,
1161 2243 1193 2295 et
1217 2231 1365 2297 officiales

410 2329 590 2416 principum
617 2331 704 2407 iacti,
728 2355 765 2393 ea
789 2333 987 2396 committere
1014 2354 1074 2395 uon
1102 2347 1263 2410 verentur,
1289 2359 1362 2422 quoe

409 2433 505 2498 facile
529 2434 610 2497 alius
633 2433 768 2517 quilibet
793 2434 981 2519 publicanus
1004 2436 1179 2500 erubescat.
1231 2439 1363 2501 Interim

410 2535 568 2621 voluptati
585 2535 731 2608 servient,
746 2548 801 2596 aut
817 2536 978 2598 avaritiae:
1003 2550 1033 2598 et
1051 2536 1106 2619 qui
1123 2558 1175 2598 eos
1187 2536 1364 2619 elegerunt,

408 2639 458 2701 rel
480 2638 679 2702 admiserunt
695 2636 726 2697 in
742 2635 920 2698 custodiam
942 2639 1003 2713 sui,
1018 2636 1233 2720 depopulatur
1248 2651 1279 2700 et
1295 2660 1365 2721 pre-

409 2755 513 2819 munt,
542 2751 742 2820 mortemque
771 2759 879 2799 eorum
913 2736 1108 2812 desiderant,
1144 2759 1225 2822 quos
1263 2738 1363 2801 foveri

408 2843 577 2928 oportebat
610 2841 642 2902 in
677 2860 769 2900 carne
804 2850 837 2900 et
867 2840 994 2923 spiritu.
1063 2839 1190 2902 Tenent
1222 2840 1365 2924 profecto

408 2943 589 3007 memoriter
604 2940 684 3003 illud
696 2938 918 3025 propheticum
933 2962 940 3001 ε
966 2939 1050 3001 Ecce
1061 2938 1212 3002 constitui
1225 2952 1256 3003 te
1269 2963 1365 3025 super

407 3058 529 3129 gentes,
545 3059 576 3108 ct
593 3064 688 3126 super
704 3062 812 3126 regna,
829 3054 865 3105 ut
881 3037 1009 3115 evellas,
1026 3055 1058 3103 et
1073 3039 1230 3115 destruas,
1249 3053 1279 3105 et
1296 3041 1360 3105 dis·

408 3146 535 3231 perdas,
551 3159 582 3210 et
596 3145 742 3230 dissipes,
758 3157 789 3206 et
806 3142 955 3219 aedilices,
965 3153 997 3204 et
1011 3140 1145 3227 plantes.
1191 3143 1272 3218 Quae
1287 3166 1362 3207 vero

409 3249 553 3334 plantata
574 3247 776 3324 invenerunt,
806 3244 955 3306 nituntur
977 3242 1122 3318 avellere,
1148 3256 1182 3307 ut
1206 3243 1363 3309 aediliceut

409 3349 469 3413 sibi
485 3349 616 3412 domum
632 3346 760 3411 Domini
777 3346 808 3408 in
826 3344 1010 3407 muneribus
1022 3366 1146 3420 manus,
1162 3359 1217 3409 aut
1235 3344 1365 3428 linguas,

408 3463 465 3513 aut
489 3448 644 3532 obsequii,
667 3461 724 3509 aut
751 3469 803 3509 eos
830 3445 1024 3509 substituant
1051 3444 1255 3530 explantatis,
1284 3469 1365 3532 quos

409 3551 504 3635 elegit
520 3550 644 3614 affectio
659 3549 773 3624 carnis,
789 3547 821 3611 id
838 3561 898 3625 est,
920 3560 976 3611 aut
990 3545 1114 3629 genitos
1130 3569 1148 3609 a
1164 3570 1208 3623 se,
1227 3561 1283 3612 aut
1304 3549 1362 3612 sibi

409 3654 449 3716 ab
464 3652 533 3715 aliis
555 3649 722 3715 carnaliter
746 3649 878 3732 genitos.
925 3652 1121 3712 Immensum
1145 3648 1196 3713 hic
1212 3640 1363 3736 aperitur

409 3776 501 3839 opus,
523 3764 554 3815 et
579 3751 627 3815 ria
650 3750 771 3813 calamo
792 3748 968 3827 dilatatur;
992 3747 1046 3811 sed
1070 3748 1208 3813 subsisto
1232 3773 1364 3836 parcens

407 3853 560 3928 articulis,
577 3853 633 3938 qui
650 3852 787 3937 publicis
802 3852 984 3936 aspectibus
1000 3850 1198 3937 ingeruntur.
1239 3854 1271 3916 Si
1289 3855 1362 3939 quis

411 3971 518 4021 autem
544 3955 594 4019 hic
618 3955 780 4041 quippiam
805 3953 866 4017 dici
890 3954 1004 4018 durius
1033 3953 1257 4027 calumniatur,
1281 3955 1365 4015 sica

409 4083 484 4144 quae
507 4058 652 4145 patribus
674 4057 861 4131 dictasunt,
880 4056 1004 4139 legerit,
1027 4054 1105 4117 mihi
1129 4052 1218 4114 facile
1242 4051 1363 4114 veniam

406 4160 600 4246 indulgebit.
647 4160 680 4223 Si
704 4158 785 4221 enim
807 4170 963 4241 tyrannus
986 4153 1145 4230 secularis,
1163 4153 1238 4236 jure
1255 4150 1363 4212 divino

405 4276 438 4324 et
451 4262 593 4325 humano
604 4246 782 4345 perimitur,
792 4258 864 4341 quis
877 4270 1047 4338 tyrannum
1060 4254 1092 4314 in
1103 4249 1280 4314 sacerdotio
1292 4248 1364 4313 dili-

409 4363 550 4447 gendum
562 4375 701 4437 censeat,
711 4373 768 4423 aut
778 4356 943 4421 colendum
958 4360 971 4416 ?
996 4351 1089 4430 Quod
1107 4353 1132 4413 si
1141 4351 1226 4414 istud
1239 4349 1364 4413 videtur
