3550 5467
434 742 502 789 cae.
518 726 612 806 xun]
788 744 1040 790 marciniacus.
1345 728 1385 791 8'3

428 917 467 960 ne
482 898 575 980 signa
590 897 660 981 ejus
676 898 886 973 submitteret,
900 919 1081 981 nomenque
1097 898 1247 962 aboleret.
1291 900 1380 962 Mili-

425 1008 472 1060 tes
495 1009 602 1060 autem
627 998 658 1060 in
686 1001 944 1081 supplementum
968 999 1100 1061 aliamm
1123 999 1287 1078 legionum
1313 999 1380 1063 dis·

424 1096 540 1159 tribuit,
599 1097 674 1160 Non
705 1098 791 1160 enim
821 1098 1077 1173 restituebantur,
1108 1099 1164 1182 qui
1199 1110 1379 1163 memerant

424 1198 538 1280 privari
561 1199 702 1279 cingulo,
717 1210 887 1283 antequam
911 1220 968 1261 eos
991 1220 1056 1282 prae
1079 1201 1206 1263 cacteris
1225 1203 1376 1266 virtutum

423 1298 534 1360 merita
555 1298 753 1379 insignirent.
798 1298 933 1376 Milites,
948 1300 1002 1383 qui
1019 1321 1061 1362 ex
1077 1298 1243 1364 Cannensi
1265 1323 1377 1384 pugna

424 1397 586 1469 cedentes,
606 1400 639 1461 iu
665 1400 808 1463 Siciliam
831 1402 956 1462 suerent
978 1401 1120 1482 relegati,
1139 1405 1376 1487 postulaverant

415 1490 442 1563 ¹a
463 1501 511 1563 M.
534 1502 690 1564 Marcello
714 1503 857 1577 consule,
881 1511 918 1564 ut
943 1502 976 1565 in
1004 1503 1148 1586 praelium
1172 1504 1373 1568 ducerentur.

423 1601 481 1664 Ille
504 1601 656 1666 Senatum
680 1604 851 1682 consuluit,
875 1603 1076 1687 Senatusque
1097 1607 1224 1687 negavit
1246 1608 1373 1689 placere

421 1702 492 1780 sibi,
515 1704 562 1766 eis
592 1705 749 1767 committi
779 1705 936 1787 rempubl.
969 1705 1025 1787 qui
1051 1726 1120 1767 eam
1148 1704 1370 1771 deseruissent

421 1805 575 1868 Marcello
590 1817 695 1868 tamen
718 1805 861 1888 permisit
881 1803 986 1867 facere
1002 1803 1091 1888 quod
1105 1804 1279 1881 videretur3
1301 1809 1372 1888 lege

420 1915 525 1969 lamen
551 1908 747 1991 praescripta,
773 1928 814 1968 ne
841 1906 914 1988 quis
939 1928 1048 1969 eorum
1078 1928 1210 1969 munere
1236 1922 1372 1987 vacaret,

420 2029 500 2070 neve
512 2004 686 2071 'donaretur
707 2008 850 2090 praemio,
864 2018 920 2070 aut
942 2008 1071 2078 bonore,
1088 2019 1142 2070 aut
1163 2019 1372 2090 reportaretur

421 2108 454 2170 in
481 2107 620 2184 Italiam,
646 2108 722 2171 dum
748 2109 844 2172 Poeni
869 2109 904 2170 in
930 2131 969 2172 ea
995 2108 1140 2172 fuissent.
1184 2109 1270 2171 Dum
1294 2133 1371 2175 vero

421 2210 550 2292 cingulo
576 2211 705 2294 spoliati
735 2222 820 2287 sunt,
846 2210 893 2273 eis
918 2231 979 2273 nec
1006 2231 1069 2273 aera
1094 2210 1284 2293 procedunt,
1308 2233 1368 2277 nec

419 2310 607 2374 militaribus
631 2310 808 2394 privilegiis
835 2309 987 2390 gaudent,
1007 2331 1069 2373 nec
1094 2310 1216 2373 habent
1237 2311 1368 2395 aliquod

418 2432 490 2474 cum
517 2410 627 2492 gladio
654 2412 757 2473 telove
784 2410 1022 2475 commercium.
1068 2410 1212 2495 Ideoque
1236 2396 1370 2495 provida

418 2513 644 2577 constitutione
671 2513 826 2597 majomm
848 2525 898 2575 est
919 2513 1047 2594 gladius
1068 2513 1207 2575 insertus
1229 2512 1369 2595 cingulo,

416 2623 453 2676 ut
480 2616 597 2677 collato
626 2615 747 2677 honore
778 2614 910 2695 cinguli,
935 2625 1077 2697 potestas
1107 2634 1236 2697 quoque
1264 2615 1367 2697 ipsius

415 2715 513 2797 gladii
548 2716 750 2799 aliquatenus
782 2717 980 2796 intelligatur
1015 2715 1141 2777 collata.
1202 2715 1248 2777 Et
1281 2729 1368 2780 recte

412 2815 540 2897 cingulo
556 2815 736 2894 decoratur,
751 2816 794 2879 ad
815 2815 961 2878 militiam
977 2814 1125 2899 quisquis
1140 2813 1276 2891 accedit,
1292 2815 1368 2900 quia

414 2937 486 2978 eum
502 2915 687 2999 expeditum
709 2937 778 2978 esse
798 2914 841 2978 ad
863 2915 972 2977 munia
993 2915 1190 3000 reipublicae,
1204 2916 1302 2979 officii
1316 2916 1368 2979 sui

413 3021 588 3082 necessitas
604 3019 714 3098 exigit.
747 3017 885 3096 Accingi
900 3037 1039 3100 namque
1056 3019 1147 3097 solet,
1159 3018 1211 3081 cui
1226 3019 1367 3100 gerenda

411 3119 599 3191 imminent;
626 3128 658 3179 et
692 3117 744 3178 cui
766 3116 891 3179 vacatio
914 3114 1018 3192 datur,
1038 3117 1115 3179 licet
1136 3139 1205 3180 esse
1228 3117 1366 3181 discinc-

411 3232 492 3282 tum.
540 3217 639 3281 Unde
661 3215 739 3277 illud
759 3217 792 3278 in
812 3216 894 3278 libro
913 3217 1148 3279 Romanonrm:
1174 3219 1250 3282 Non
1273 3240 1365 3302 aeque

409 3320 564 3402 glorietur
589 3319 766 3396 accinctus,
789 3327 826 3381 ut
851 3317 1039 3381 discinctus.
1085 3318 1168 3390 Quia
1193 3319 1363 3386 solicitudo

408 3422 529 3485 laboris
554 3421 762 3496 imminentis,
786 3418 944 3502 gloriandi
968 3420 1131 3484 licentiam
1157 3442 1221 3485 non
1248 3423 1363 3486 admit-

410 3524 458 3596 tit,
481 3532 513 3585 et
539 3520 668 3586 ociaudi
694 3522 824 3586 libertas
850 3536 883 3585 et
908 3521 1063 3585 securitas
1082 3521 1198 3605 quietis
1223 3525 1360 3605 plerum·

409 3645 471 3706 que
496 3622 718 3685 extollentiam
747 3623 840 3704 parit.
896 3621 1071 3703 Cingulum
1100 3641 1175 3703 crgo
1202 3622 1359 3686 indicium

408 3737 456 3788 est
480 3724 611 3798 laboris,
637 3726 728 3787 labor
752 3723 884 3788 honoris
910 3723 1068 3796 meritum,
1093 3735 1128 3787 ut
1148 3724 1271 3806 liqueat
1292 3746 1359 3788 om-

407 3826 513 3902 nibus,
543 3824 629 3909 quod
659 3825 715 3908 qui
743 3826 884 3888 laborem
914 3824 1070 3888 indictum
1100 3825 1221 3888 militiae
1250 3826 1356 3891 subire

408 3924 573 3998 detrectat,
593 3925 746 3987 honorem
770 3924 870 4006 gladii
891 3924 924 3988 in
946 3923 1071 3988 militari
1092 3924 1222 4007 cingulo
1242 3925 1357 3988 frustra

405 4035 520 4109 portat.
566 4025 672 4108 Ipsius
692 4045 818 4108 quoque
839 4024 961 4106 cinguli
980 4044 1073 4087 cassa
1086 4034 1134 4087 est
1152 4024 1357 4107 significatio,
1459 4011 1464 4023 ⁸

405 4128 467 4191 nisi
497 4127 593 4189 iidem
623 4125 693 4211 ejus
722 4129 848 4190 roboret
877 4137 910 4189 et
939 4125 1055 4188 solidet
1084 4125 1184 4189 labor.
1237 4124 1357 4188 Videas

405 4229 522 4290 multos
547 4228 668 4308 cinguli
694 4228 815 4290 bonore
843 4239 1011 4302 tumentes,
1034 4225 1092 4288 sed
1114 4226 1176 4288 nisi
1202 4226 1355 4286 honorem

404 4330 560 4392 laboriosa
582 4328 737 4411 impleant
756 4329 879 4405 merita,
897 4327 982 4390 idem
1003 4340 1052 4388 cst
1072 4347 1108 4389 ac
1131 4327 1157 4387 si
1178 4343 1236 4406 pro
1255 4321 1357 4385 solida

451 4449 521 4494 ron.
540 4450 582 4492 rv.
879 4447 900 4488 n
