3550 5467
526 690 568 746 56
782 709 920 753 scaurus
935 708 1213 754 saansnaarnrvsrs
1335 692 1421 772 [ara.
1438 709 1484 754 vr.

531 856 595 920 Sed
612 857 782 940 cujuslibet
803 863 848 924 rei
865 863 1099 945 quantumlibet
1112 874 1201 925 recta
1220 862 1316 926 initia
1330 884 1396 926 non
1410 884 1485 947 pro·

531 956 659 1034 cedunt,
684 960 829 1024 Minerva
857 961 1037 1026 recedente.
1097 962 1256 1025 Procedat
1294 962 1354 1025 tibi
1390 974 1488 1045 poeta

531 1059 737 1136 Mantuanus,
755 1063 822 1146 qui,
833 1066 893 1127 sub
908 1063 1048 1145 imagine
1064 1064 1256 1141 fabularum,
1268 1065 1365 1128 totius
1380 1063 1487 1147 philo—

531 1160 654 1242 sophiae
675 1164 827 1246 exprimit
847 1164 1024 1228 veritatem.
1071 1165 1210 1228 Attende
1233 1187 1308 1248 ergo
1332 1186 1486 1228 novorum

530 1261 648 1325 civium
665 1262 879 1347 diligentiam:

637 1426 729 1490 Qualis
739 1446 802 1500 apes
813 1436 905 1483 estate
917 1449 984 1484 nova
995 1448 1040 1503 per
1052 1432 1133 1485 florea
1144 1450 1203 1485 rura

638 1513 752 1567 Exercet
762 1517 810 1568 sub
823 1516 885 1570 Sole
897 1515 979 1582 labor,
991 1537 1070 1588 quum
1081 1519 1169 1586 gentis
1179 1517 1283 1571 adultos

638 1600 759 1653 Educunt
770 1600 858 1667 foetus,
870 1609 917 1655 aut
928 1621 1006 1672 quum
1017 1603 1144 1673 liquentia
1154 1603 1233 1657 mella

637 1685 751 1758 Stipant,
764 1693 791 1740 et
803 1687 871 1741 dulci
883 1688 1036 1742 distendunt
1047 1696 1152 1744 nectare
1164 1691 1260 1744 cellas:

633 1771 691 1823 Aut
702 1789 781 1824 onera
791 1774 921 1845 accipiunt
932 1777 1088 1840 venientum,
1101 1781 1147 1828 aut
1159 1777 1265 1843 agmine
1277 1774 1347 1829 facto

635 1857 762 1924 Ignavum
773 1858 845 1911 socos
857 1877 936 1930 pecus
947 1879 964 1913 a
975 1862 1136 1931 praesepibns
1148 1867 1246 1914 meent.

636 1943 731 1994 Fervet
743 1960 815 2012 opus,
828 1944 998 2013 redolentque
1011 1946 1101 2016 thymo
1112 1946 1257 2014 fragrantia
1268 1948 1356 2001 mella.

527 2098 579 2159 Ita
594 2097 688 2159 variis
708 2109 855 2160 tenentur
875 2101 1144 2184 occupationibus
1166 2102 1264 2177 cives,
1281 2115 1313 2165 et
1335 2101 1413 2166 dum
1435 2106 1480 2169 sic

526 2197 674 2260 coluntur
703 2198 809 2261 officia
834 2199 1040 2280 singulorum,
1063 2212 1100 2264 ut
1128 2201 1325 2263 universitati
1354 2206 1482 2287 prospi-

525 2298 640 2375 ciatur,
669 2298 745 2360 dum
769 2299 898 2381 justitia
926 2301 1051 2377 colitur,
1080 2300 1161 2364 fines
1191 2302 1334 2364 omnium
1364 2304 1482 2369 mellea

525 2398 664 2463 dulcedo
687 2401 859 2484 perfundit.
905 2404 1122 2467 Veruntamen
1149 2403 1267 2467 nullius
1292 2405 1479 2489 reipublicae

524 2513 574 2565 est
587 2501 711 2566 diutina
727 2504 873 2581 felicitas,
888 2505 951 2568 nisi
974 2506 1172 2570 universitati
1188 2507 1364 2591 prospiciat
1378 2521 1477 2592 caput

524 2605 695 2670 incolume.
740 2607 837 2680 Quod
867 2607 895 2671 si
918 2629 984 2671 non
1013 2630 1157 2688 noveras,
1181 2610 1230 2673 vel
1254 2608 1395 2673 Didonis
1420 2610 1478 2674 do-

522 2710 625 2773 cearis
646 2710 809 2793 exemplo.
853 2707 982 2785 Quanta
1011 2710 1097 2773 enim
1119 2711 1248 2774 levitate
1270 2711 1390 2776 AEneas
1419 2712 1477 2777 ad·

524 2810 669 2885 mittitur,
684 2822 835 2894 quantam
852 2810 918 2874 cito
933 2809 1057 2874 invenit
1071 2811 1204 2892 gratiam
1219 2811 1315 2874 homo
1335 2812 1476 2894 ignotus,

521 2911 610 2980 exul,
640 2911 804 2994 fugitivus,
833 2912 927 2995 cujus
964 2933 1062 2976 causa
1097 2914 1206 2995 ignota
1243 2922 1302 2986 est,
1333 2936 1476 2998 persona

521 3010 699 3096 suspecta?
746 3013 874 3086 Quanta
909 3014 1091 3078 curiositate
1133 3025 1279 3097 exceptae
1322 3027 1396 3079 sunt
1433 3020 1474 3082 ab

519 3115 650 3179 attribue
686 3115 867 3199 principum
906 3116 1059 3180 fabulosae
1097 3118 1293 3181 narrationes
1322 3117 1475 3196 hominis,

520 3238 610 3281 suam
626 3219 808 3282 evacuantis
824 3220 963 3300 culpam,
975 3219 1134 3301 propriam
1150 3219 1322 3302 querentis
1331 3220 1474 3300 gloriam,

520 3332 553 3383 et
582 3316 616 3380 id
644 3319 812 3401 captantis,
835 3317 921 3379 unde
950 3330 1061 3398 posset
1082 3315 1262 3379 auditorum
1289 3319 1473 3384 subvertere

519 3418 666 3484 mentes?
704 3415 897 3481 Praecedunt
911 3436 988 3496 ergo
1008 3415 1050 3478 ad
1071 3417 1233 3477 introitum
1250 3417 1388 3481 hominis
1408 3442 1472 3484 ser—

519 3541 630 3584 mones
654 3518 777 3594 blandi,
799 3517 959 3581 illecebrae
984 3516 1115 3579 laudum
1141 3517 1315 3580 conciliant
1338 3519 1472 3603 hospitii

520 3622 664 3705 gratiam,
679 3619 859 3683 convivium
882 3617 1063 3682 accuratius
1082 3618 1210 3682 instruit
1231 3620 1374 3684 omnium
1393 3644 1470 3707 cap-

519 3734 586 3787 tata
607 3722 770 3798 sedulitas,
792 3721 908 3785 sabulae
939 3732 1116 3805 sequuntur
1137 3721 1297 3798 convivia,
1319 3726 1471 3803 venandi,

518 3825 767 3908 multiplicisque
798 3824 933 3887 luxuriae
963 3824 1075 3887 levitas
1101 3823 1270 3887 comitatur
1299 3825 1468 3891 incestum.

518 3927 650 3993 Pariunt
678 3928 748 3990 haec
779 3926 977 4002 incendium,
1008 3926 1240 3990 desolationem
1277 3928 1407 4003 civium,
1436 3943 1469 3994 et

515 4038 676 4116 perpetuae
706 4027 889 4092 hostilitatis
917 4046 1091 4111 prorogant
1118 4049 1245 4091 causas.
1298 4031 1364 4094 Hic
1394 4031 1469 4095 finis

515 4132 659 4197 soeminei
695 4141 728 4194 et
763 4130 952 4193 effoeminati
982 4130 1084 4212 regni,
1112 4129 1201 4213 quod
1239 4131 1317 4194 licet
1344 4133 1466 4196 virtutis

513 4234 660 4300 habuerit
681 4231 936 4309 fundamentum,
955 4230 1206 4295 succedentibus
1227 4234 1388 4316 prosperis
1405 4235 1463 4297 mi·

514 4339 601 4401 nime
623 4336 728 4420 potnit
751 4333 893 4398 invenire
914 4353 1110 4416 processum.
1156 4333 1282 4397 Leviter
1303 4334 1464 4400 admissus
