3550 5467
412 771 487 815 cre.
504 753 578 832 xx]
770 768 1024 814 eorrcnxrrcus.
1152 747 1154 752 ’
1308 752 1369 810 337

403 944 516 1007 ,quum
544 943 658 983 manus
684 919 808 984 feminae
832 919 980 1003 dejecerit
1007 942 1090 982 eum.
1130 916 1261 980 Vocuvit
1291 938 1368 1000 ergo

408 1024 532 1087 Abram
549 1044 651 1100 suam,
666 1038 696 1085 et
713 1021 905 1084 descendens
920 1022 951 1084 in
969 1021 1098 1085 domum
1116 1041 1216 1093 suam,
1233 1017 1365 1082 abstulit

406 1146 427 1186 a
443 1147 476 1186 se
491 1123 645 1197 cilicium,
661 1135 693 1186 et
716 1124 806 1185 exuit
829 1146 860 1185 se
877 1121 1020 1186 vestibus
1041 1121 1218 1200 viduitatis,
1233 1133 1264 1184 et
1288 1118 1366 1183 lavit

404 1248 526 1312 corpus
542 1247 647 1301 suurn,
663 1238 695 1288 ct
712 1223 804 1286 unxit
821 1247 853 1286 se
869 1224 999 1309 myrrha
1014 1222 1146 1309 optima,
1162 1235 1193 1286 et
1209 1221 1365 1286 discrimi-

408 1326 500 1390 navit
523 1329 642 1389 crinem
665 1325 776 1410 capitis
803 1325 862 1400 sui,
886 1338 918 1388 et
944 1324 1095 1408 imposuit
1118 1324 1244 1387 mitram
1271 1346 1366 1409 super

406 1443 508 1516 caput
531 1451 636 1502 suum,
652 1441 683 1491 et
706 1427 812 1490 induit
837 1451 868 1489 se
894 1427 1034 1490 restibus
1051 1425 1266 1512 jucunditatis
1286 1449 1363 1504 suae,

407 1531 542 1613 cingens
557 1529 741 1592 sandalibus
756 1528 852 1614 pedes
868 1550 953 1604 suos,
970 1528 1183 1611 assunrsitque
1199 1525 1365 1600 dextralia,

408 1647 442 1696 et
460 1632 537 1712 lilia,
552 1644 584 1694 et
599 1632 735 1710 inaures,
749 1643 781 1694 et
802 1628 944 1703 annulos,
960 1643 991 1692 et
1009 1629 1154 1693 omnibus
1175 1628 1367 1691 ornamentis

410 1735 480 1798 suis
493 1734 619 1797 ornavit
634 1758 677 1798 se.
709 1733 922 1816 Contulitque
938 1732 966 1794 ei
983 1730 1182 1816 splendorem
1197 1725 1366 1807 Dominus,

409 1836 561 1921 quoniam
577 1836 679 1898 omnis
691 1836 752 1898 ista
767 1833 954 1918 compositio
966 1856 1026 1896 non
1043 1857 1082 1896 ex
1100 1832 1243 1909 libidine,
1254 1830 1308 1893 sed
1325 1853 1364 1893 ex

408 1937 532 2001 virtute
561 1936 730 2022 pendebat.
778 1935 820 2000 Et
851 1936 924 1999 ideo
955 1935 1111 2000 Dominus
1140 1934 1221 1998 banc
1251 1933 1282 1995 in
1314 1931 1368 1994 illa

409 2038 682 2125 pulchritudinem
713 2039 889 2125 ampliavit,
919 2054 955 2102 ut
985 2037 1223 2122 incomparabili
1253 2036 1366 2100 decore

408 2140 514 2204 oculis
537 2143 678 2205 omnium
702 2154 880 2226 appareret.
921 2139 1004 2202 Illuc
1026 2160 1101 2220 ergo
1121 2138 1317 2223 perveniens,
1334 2150 1365 2200 et

410 2242 577 2329 publicum
604 2258 736 2327 captans
763 2243 899 2319 hostem,
923 2243 1008 2308 dixit
1033 2242 1149 2308 Juditb
1177 2239 1364 2306 Holoferni:

411 2346 510 2408 Sume
522 2344 617 2408 verba
626 2345 747 2409 ancillae
758 2363 833 2421 tuae,
845 2345 995 2430 quoniam
1007 2344 1033 2407 si
1042 2368 1080 2407 ea
1089 2356 1245 2429 sequutus
1257 2343 1365 2418 fueris,

410 2446 585 2533 perfectam
602 2469 666 2510 rem
684 2448 777 2512 faciet
795 2452 883 2512 Deus
900 2462 1014 2511 tecum.
1054 2447 1141 2509 Vivit
1155 2446 1237 2508 eninr
1256 2445 1366 2508 Nabu-

409 2545 610 2610 chodonosor
625 2569 681 2610 rex
698 2558 802 2621 terroe,
818 2561 850 2609 et
873 2545 950 2609 vivit
967 2545 1070 2607 virtus
1089 2558 1156 2619 tua,
1172 2565 1247 2627 quae
1268 2543 1364 2606 estin

410 2660 444 2711 te
469 2649 512 2711 ad
537 2647 768 2732 correptionem
798 2648 941 2708 omnium
972 2647 1148 2707 animarum
1180 2644 1366 2723 errantium,

410 2749 561 2836 quoniam
577 2771 638 2811 non
660 2748 762 2810 solum
785 2746 938 2820 homiues,
954 2745 1009 2808 sed
1030 2758 1061 2808 et
1078 2746 1189 2809 bestioe
1211 2745 1278 2828 agri
1301 2768 1365 2808 ser-

409 2850 505 2914 viunt
519 2849 564 2913 illi
583 2871 637 2932 per
654 2861 695 2922 te,
712 2861 744 2909 et
761 2847 984 2932 obtemperant
999 2847 1038 2911 ei.
1084 2847 1264 2910 Nunciatur
1281 2847 1364 2911 enim

409 2954 514 3016 virtus
539 2964 571 3014 et
595 2949 752 3013 industria
778 2949 874 3012 animi
895 2950 943 3012 tui
969 2948 1124 3012 universis
1145 2949 1309 3033 gentibus,
1332 2963 1363 3012 et

408 3052 585 3115 indicatum
612 3064 660 3114 est
686 3051 772 3113 omni
794 3049 912 3128 seculo,
936 3055 1010 3137 quia
1032 3052 1117 3116 solus
1142 3072 1255 3137 potens
1277 3074 1310 3114 es
1331 3065 1363 3118 et

408 3154 513 3218 bonus
528 3153 560 3215 in
576 3154 663 3215 omni
687 3175 784 3237 regno
803 3152 884 3236 ejus,
898 3166 929 3217 et
952 3152 1120 3239 disciplina
1140 3166 1195 3218 tua
1217 3150 1366 3217 omnibus

407 3256 560 3340 gentibus
576 3255 779 3341 praedicatur.
818 3257 862 3319 Et
878 3255 1030 3340 adjiciens
1045 3256 1108 3321 ait:
1136 3256 1271 3320 Veniens
1286 3278 1365 3319 nun-

407 3356 501 3420 ciabo
530 3355 588 3419 tibi
619 3358 735 3432 omnia,
762 3355 807 3420 ita
833 3369 869 3421 ut
900 3357 1057 3420 adducam
1089 3369 1120 3420 te
1147 3379 1203 3441 per
1229 3357 1364 3420 mediam

410 3458 626 3541 Hierusalem,
641 3473 673 3523 et
694 3458 826 3523 habebis
845 3483 969 3523 omnem
992 3458 1147 3545 populum
1171 3462 1269 3524 Israel
1285 3460 1366 3524 sicut

410 3582 497 3638 oves,
514 3561 630 3646 quibus
645 3585 707 3625 non
723 3578 770 3627 est
792 3576 912 3647 pastor,
928 3576 959 3627 et
980 3585 1040 3625 non
1063 3561 1193 3627 latrabit
1209 3563 1259 3626 vel
1283 3585 1366 3627 unus

410 3663 497 3726 canis
522 3676 633 3729 contra
659 3677 702 3741 te,
726 3665 876 3749 quoniam
905 3664 973 3728 haec
997 3664 1073 3728 mihi
1100 3665 1285 3730 dictasunt
1310 3688 1366 3750 per

409 3763 642 3848 providentiam
655 3766 727 3829 Dei.
759 3765 843 3842 Quid
862 3789 972 3853 quaeao
983 3766 1165 3831 insidiosius
1180 3766 1366 3852 excogitari,

411 3864 490 3948 quid
506 3864 678 3952 captiosius
698 3867 761 3930 dici
777 3881 895 3954 potest,
911 3869 971 3932 hac
992 3868 1116 3954 mystici
1133 3869 1368 3955 dispensatione

410 3964 555 4029 consilii?
593 3967 685 4033 Dixit
722 3969 831 4056 itaque
862 3969 1072 4034 Holofernes:
1114 3973 1186 4033 Non
1218 3981 1265 4031 est
1296 3967 1368 4029 talis

412 4067 527 4131 mulier
547 4091 642 4154 super
665 4083 780 4134 terram
802 4071 833 4134 in
856 4084 998 4156 aspectu,
1015 4083 1047 4133 et
1070 4067 1318 4155 pulchritudine,
1334 4077 1365 4129 et

413 4191 506 4233 sensu
524 4171 704 4236 verborum.
743 4174 808 4236 Cor
829 4171 912 4234 enim
934 4173 1002 4254 ejus
1024 4192 1211 4234 concussum
1235 4165 1367 4231 ardebat

415 4271 446 4334 in
483 4273 739 4358 concupiscentia
773 4275 852 4358 ejus.
899 4271 1055 4355 Dixitque
1093 4272 1173 4334 Bibe
1209 4289 1303 4346 nunc,
1337 4281 1369 4331 et

412 4375 562 4438 accumbe
587 4375 617 4438 in
639 4375 857 4459 jucunditate,
882 4373 1032 4458 quoniam
1061 4369 1209 4435 invenisti
1231 4368 1367 4453 gratiam

454 4495 524 4540 vot.
543 4496 586 4540 rv.
886 4495 903 4535 z
