3550 5467
408 732 478 777 cnr.
496 717 569 795 xx]
750 729 1005 777 rcuscmrrcus.
1300 722 1363 782 885

405 895 479 947 octo
493 886 604 946 annis:
630 894 662 947 et
684 895 794 968 postea
809 880 1030 947 clamaverunt
1047 881 1086 945 ad
1102 884 1288 963 Dominum,
1304 887 1362 971 qui

406 983 573 1049 suscitavit
600 986 644 1047 eis
669 982 856 1047 salvatorem
881 983 1039 1048 vocabulo
1067 985 1180 1064 Aioth,
1204 985 1362 1071 inclytum

406 1085 510 1150 lilium
527 1086 625 1164 Gera,
641 1083 697 1148 filii
716 1083 854 1161 Gemini,
870 1084 928 1168 qui
949 1096 1087 1168 utraque
1102 1107 1199 1152 manu
1212 1086 1365 1151 utebatur

407 1209 468 1273 pro
483 1187 610 1250 dextra.
640 1186 862 1271 Miseruntque
873 1185 931 1248 filii
948 1187 1046 1250 Israel
1060 1186 1221 1272 perillum
1234 1210 1366 1253 munera

408 1289 516 1376 Eglon
533 1290 602 1374 regi
619 1289 739 1353 Moab:
771 1287 828 1373 qui
848 1287 927 1352 iecit
942 1288 1001 1353 sibi
1024 1289 1167 1374 gladium
1183 1291 1365 1378 ancipitem,

407 1392 581 1456 habentem
615 1391 647 1453 in
684 1389 790 1453 medio
825 1386 975 1474 capulum
1011 1390 1222 1474 longitudinis
1249 1391 1365 1477 palmae

407 1514 531 1572 manus,
555 1504 585 1555 et
610 1491 772 1562 accinctus
794 1500 843 1555 est
863 1513 902 1553 eo
924 1489 1035 1554 subter
1061 1511 1173 1575 sagum
1197 1490 1228 1554 in
1250 1492 1366 1557 dextro

408 1593 541 1672 femore,
554 1591 739 1677 obtulitque
763 1613 896 1655 munere
915 1591 1021 1675 Eglon
1044 1591 1112 1674 regi
1133 1591 1243 1656 Moab.
1281 1594 1363 1658 Erat

406 1705 515 1758 autern
540 1693 645 1778 Eglon
662 1714 785 1758 crassus
807 1692 914 1757 nimis.
963 1692 1137 1777 Quumque
1151 1691 1321 1758 obtulisset
1335 1695 1365 1758 ei

406 1818 550 1874 munera,
564 1807 780 1881 prosequutus
799 1806 847 1857 est
863 1792 964 1856 socios
977 1787 1034 1878 qui
1050 1815 1122 1857 cnm
1138 1817 1177 1859 eo
1198 1809 1362 1860 venerant.

409 1896 455 1961 Et
471 1919 615 1960 reversus
630 1909 677 1959 est
697 1894 738 1958 de
754 1893 899 1976 Galgalis
919 1894 974 1959 ubi
990 1907 1079 1960 erant
1102 1894 1200 1974 idola,
1216 1895 1364 1983 dixitque

408 1998 451 2062 ad
466 2020 592 2083 regem:
617 1996 757 2060 Verbum
774 2008 929 2060 secretum
947 1995 1048 2059 habeo
1068 1996 1108 2060 ad
1125 2010 1168 2076 te,
1183 1999 1213 2061 0
1228 2020 1295 2063 rex.
1319 2000 1364 2064 Et

409 2100 464 2164 ille
490 2097 657 2184 imperavit
687 2096 861 2161 silentium.
900 2098 1111 2184 Egressisque
1134 2098 1283 2164 omnibus
1307 2099 1365 2187 qui

409 2200 495 2264 circa
509 2220 581 2263 eum
598 2210 699 2274 erant,
715 2198 877 2283 ingressus
888 2211 935 2262 est
951 2197 1048 2263 Aioth
1060 2199 1101 2263 ad
1113 2222 1196 2264 eum.
1228 2200 1366 2266 Sedebat

411 2315 520 2366 autem
536 2301 567 2364 in
588 2301 699 2365 aestivo
714 2299 877 2366 coenaculo
897 2299 992 2365 solus.
1031 2301 1189 2388 Dixitque
1209 2302 1255 2368 ei:
1287 2307 1365 2369 Ver·

412 2403 491 2466 bum
506 2402 568 2467 Dei
583 2397 686 2465 habeo
699 2400 740 2464 ad
757 2414 799 2465 te.
830 2400 894 2477 Qui
909 2401 1016 2466 statim
1029 2402 1168 2467 surrexit
1184 2403 1224 2467 de
1240 2403 1365 2469 throno.

413 2504 573 2573 Extendit
594 2502 691 2569 nioth
710 2524 840 2566 manum
865 2501 1034 2577 sinistram,
1054 2514 1086 2566 et
1108 2502 1185 2568 tulit
1208 2503 1303 2567 sicam
1325 2504 1367 2568 de

411 2604 547 2669 dextero
567 2604 685 2667 femore
706 2623 777 2681 suo,
791 2600 963 2685 infixitque
985 2622 1054 2664 eam
1076 2601 1109 2664 in
1133 2613 1276 2666 ventrem
1297 2604 1368 2688 ejus

412 2721 479 2770 tam
494 2704 611 2780 valide,
627 2716 665 2768 ut
680 2700 814 2787 capulus
828 2698 949 2763 ferrum
970 2713 1157 2785 sequeretur
1169 2701 1203 2765 iu
1225 2701 1366 2780 vulnere,

410 2828 449 2870 ac
471 2804 679 2890 pinguissimo
701 2801 795 2885 adipe
817 2797 1035 2882 stringeretur.
1073 2803 1142 2865 Nec
1163 2801 1277 2867 eduxit
1298 2803 1367 2889 gla-

411 2907 515 2980 dium,
543 2904 599 2968 sed
629 2903 675 2966 ita
705 2914 742 2965 ut
772 2913 980 2986 percusserat,
1005 2899 1134 2986 reliquit
1163 2901 1197 2966 in
1225 2925 1366 2990 corpore.

414 3007 597 3089 Statimque
617 3025 675 3088 per
689 3017 808 3066 secreta
830 3013 954 3068 naturas
969 3001 1033 3067 alvi
1053 3015 1191 3068 stercora
1211 3028 1366 3092 prorupe-

412 3120 499 3173 runt.
538 3104 634 3169 nioth
650 3115 757 3168 autem
772 3102 887 3166 clausis
901 3102 1144 3189 diligentissime
1157 3107 1248 3173 ostiis
1261 3129 1367 3173 coena·

414 3208 489 3286 culi,
504 3220 537 3272 et
552 3205 716 3272 affirmatis
731 3227 810 3281 sera,
825 3226 884 3290 per
898 3206 1056 3291 posticum
1072 3229 1219 3290 egressus
1233 3220 1291 3274 est.
1321 3208 1367 3275 Et

415 3308 501 3373 alibi.
539 3308 647 3371 Sisara
675 3306 801 3391 fugiens
829 3307 975 3391 pervenit
1001 3306 1043 3371 ad
1073 3309 1247 3374 tentorium
1272 3310 1370 3374 dahel

416 3408 525 3472 uxoris
539 3406 623 3473 Aber
637 3407 751 3491 Cynei.
792 3405 871 3471 Erat
883 3407 966 3471 enim
981 3429 1046 3494 pax
1057 3409 1141 3473 inter
1151 3410 1175 3473 J
1176 3410 1251 3474 abin
1263 3432 1369 3496 regem

417 3510 511 3585 Asos,
527 3521 559 3574 et
580 3507 711 3573 domum
727 3508 836 3573 Abner
851 3509 964 3595 Cynei.
995 3511 1134 3594 Egressa
1154 3511 1256 3596 igitur
1275 3511 1370 3578 Jahel

418 3611 449 3675 in
479 3632 642 3675 occursum
667 3609 793 3686 Sim,
816 3608 899 3674 dixit
924 3609 965 3674 ad
991 3633 1083 3675 eum:
1124 3612 1216 3676 Intra
1239 3613 1281 3676 ad
1306 3635 1368 3691 me,

416 3713 542 3778 domine
557 3714 611 3791 mi,
626 3713 722 3788 iutra,
737 3734 777 3775 ne
798 3711 920 3777 timeas.
960 3711 1025 3789 Qui
1044 3712 1204 3798 ingressus
1223 3714 1368 3781 taberna·

417 3816 526 3880 culum
549 3816 629 3899 ejus,
645 3826 677 3878 et
699 3827 831 3898 opertus
845 3827 892 3879 est
915 3814 957 3879 ab
976 3838 1013 3879 ea
1035 3815 1143 3901 pallio,
1157 3813 1306 3903 dixitque
1325 3815 1365 3879 ad

415 3937 502 3981 eam:
533 3918 585 3979 Da
606 3914 685 3977 mihi
706 3913 837 3978 obsecro
859 3914 1027 4001 paululum
1048 3937 1154 4002 aquoe,
1177 3916 1254 4001 qula
1276 3913 1368 3978 valde

416 4016 497 4081 sitio.
542 4019 625 4090 Quae
645 4017 771 4101 aperuit
795 4031 898 4081 utrem
921 4016 1024 4097 lactis,
1039 4028 1071 4080 et
1093 4015 1182 4081 dedit
1197 4016 1227 4079 ei
1246 4014 1367 4090 bibere,

415 4131 447 4182 et
463 4117 590 4205 operuit
608 4116 709 4180 illum.
747 4118 908 4201 Dixitque
928 4117 1033 4181 Sisara
1046 4116 1088 4179 ad
1107 4137 1191 4180 eam:
1222 4116 1280 4178 Su
1294 4124 1368 4179 ante

416 4216 746 4295 ostiumtabernaculi,
757 4229 790 4281 et
801 4238 900 4302 quum
913 4217 1034 4280 venerit
1042 4214 1161 4301 aliquis
1171 4217 1370 4296 interrogans

418 4332 461 4396 te,
475 4333 507 4383 et
522 4319 643 4384 dicens:
674 4316 822 4401 nunquid
837 4315 891 4379 hic
905 4327 951 4378 est
974 4312 1111 4397 aliquis?
1139 4311 1371 4396 Respondebis,
