3550 5467
405 785 482 830 car.
499 764 593 851 vua]
767 783 1023 829 eocrcnamcus.
1307 771 1371 827 245

407 938 541 1022 patinae,
556 950 590 1001 et
608 936 649 999 ad
665 959 753 1000 esum
777 935 825 998 sui
846 935 973 1020 expieta
995 934 1096 998 esurie
1119 935 1206 1019 quasi
1223 935 1366 1020 captivos

409 1040 554 1103 trahunt.
595 1037 693 1103 Unde
713 1057 745 1103 et
766 1038 867 1101 morbi
890 1061 929 1100 ex
954 1037 1121 1101 saturitate
1143 1037 1240 1101 nimia
1261 1039 1365 1102 conci·

409 1157 534 1217 tantur,
558 1141 718 1226 multique
744 1140 974 1226 impatientiam
1001 1138 1087 1222 gulae
1114 1141 1234 1204 vomitu
1267 1162 1366 1204 reme·

408 1242 554 1319 diantur,
566 1257 599 1307 et
614 1243 702 1329 quod
715 1243 852 1328 turpiter
863 1243 1074 1327 ingesserunt,
1087 1243 1212 1326 turpius
1223 1257 1365 1326 egerunt.

411 1347 476 1409 Sed
492 1346 577 1409 forte
592 1346 686 1410 nimis
700 1359 849 1409 austerus
862 1344 991 1409 videtur
1009 1367 1075 1408 esse
1092 1344 1317 1430 Hieronymus,
1334 1360 1365 1408 et

409 1448 505 1532 cujus
534 1447 642 1512 edicto
670 1445 888 1510 difficillimum
919 1447 959 1510 sit
988 1468 1108 1530 parere.
1154 1448 1248 1522 Esto,
1276 1447 1365 1510 liceat

410 1549 572 1613 contemni
586 1550 833 1634 Hieronymum,
847 1548 1027 1611 Stoicorum
1045 1547 1173 1611 vilescat
1184 1549 1368 1626 auctoritas,

410 1649 626 1714 excludantur
637 1649 940 1737 Peripatetici,dum
953 1649 1002 1712 vel
1015 1649 1177 1735 Epicurus
1194 1648 1369 1734 voluptatis

411 1769 550 1818 assertor
579 1752 739 1818 audiatur.
791 1756 965 1817 Testantur
994 1752 1088 1825 enim,
1119 1764 1156 1814 ut
1184 1751 1224 1814 de
1254 1751 1367 1814 nostris

411 1862 546 1933 taceam,
566 1857 693 1929 Seneca,
712 1871 745 1920 et
766 1855 858 1919 multi
879 1855 931 1918 alii
950 1854 1026 1917 clari
1046 1854 1128 1917 inter
1151 1854 1366 1941 philosophos,

410 1979 495 2043 quos
505 1956 560 2021 ille
575 1979 683 2021 omnes
695 1956 791 2021 libros
807 1979 880 2020 suos
893 1956 1028 2041 repleret
1042 1956 1193 2032 oleribus,
1203 1970 1235 2020 et
1252 1956 1366 2042 pomis,

411 2071 443 2122 et
459 2057 580 2122 vilibus
593 2057 681 2132 cibis,
698 2057 806 2122 dicens
821 2079 888 2120 esse
904 2056 948 2119 eis
969 2057 1150 2130 vivendum,
1166 2057 1243 2142 quia
1258 2076 1366 2119 carnes

410 2174 442 2225 et
458 2160 627 2246 exquisitae
642 2159 757 2244 epulae,
772 2158 892 2242 ingenti
909 2181 986 2221 cura
1000 2172 1032 2222 et
1048 2160 1173 2222 miseria
1188 2179 1366 2244 praeparen·

412 2281 476 2346 tur,
493 2266 707 2351 majoremque
723 2285 849 2348 poenam
866 2263 1003 2327 habeant
1022 2265 1054 2326 in
1071 2262 1252 2349 quaerendo,
1269 2285 1365 2346 quarn

413 2368 611 2454 voluptatem
628 2367 659 2430 in
675 2366 847 2431 abutendo.
879 2368 1021 2453 Corpora
1037 2382 1142 2431 autem
1160 2381 1277 2440 nostro,
1293 2366 1365 2430 cibo

411 2488 538 2538 tantum
557 2483 590 2534 et
612 2485 692 2555 potu
715 2468 867 2551 indigere.
907 2468 974 2531 Ubi
1000 2492 1084 2552 aqua
1104 2482 1134 2532 ct
1154 2471 1243 2551 panis
1264 2470 1317 2543 sit,
1333 2482 1365 2530 et

410 2583 529 2634 caetera
546 2568 596 2631 hia
613 2566 737 2642 similia,
753 2567 796 2631 ibi
816 2580 939 2631 natnrae
959 2567 1167 2631 satisfactum.
1205 2567 1366 2652 Quicquid

410 2693 509 2758 snpra
531 2671 640 2746 fuerit,
656 2692 717 2733 non
742 2669 782 2734 ad
806 2670 880 2735 vitae
904 2669 1120 2732 necessitatem
1141 2684 1294 2754 spectare,
1311 2671 1365 2734 sed

410 2773 452 2838 ad
467 2772 584 2837 vitium
606 2771 788 2857 voluptatis.
827 2772 942 2834 Bibere
961 2784 994 2834 et
1015 2771 1188 2850 comedere,
1203 2793 1265 2834 non
1288 2771 1366 2835 deli-

412 2874 532 2942 tiarnm
545 2874 699 2953 ardorem,
711 2873 764 2937 sed
781 2873 864 2937 sitim
880 2873 1062 2958 famemque
1074 2873 1271 2955 restringere.
1303 2873 1366 2949 Qui

410 2976 566 3042 carnibus
581 2988 762 3049 vescuntur,
779 2974 922 3057 indigere
938 2973 1032 3037 etiam
1049 2973 1108 3048 his,
1124 2997 1198 3059 quoe
1213 2997 1275 3038 non
1291 2992 1365 3039 sunt

409 3081 569 3144 carnium.
615 3075 681 3150 Qui
711 3092 818 3141 autem
851 3076 985 3161 simplici
1018 3076 1103 3139 victu
1135 3091 1283 3152 utuntur,
1313 3100 1367 3140 eos

408 3204 523 3246 carnes
537 3202 599 3244 non
615 3179 785 3265 requirere.
817 3175 988 3264 Sapientiae
1003 3201 1132 3264 quoque
1147 3201 1274 3263 opernm
1291 3177 1367 3242 dare

410 3306 477 3348 non
492 3304 674 3371 possumus,
686 3281 711 3344 si
728 3303 842 3344 mensae
854 3279 1082 3344 abundantiam
1095 3279 1282 3363 cogitemus,
1294 3304 1366 3368 quae

413 3385 523 3450 labore
543 3384 641 3450 nimio
657 3397 689 3447 at
711 3406 788 3447 cura
810 3383 945 3467 indiget.
984 3382 1057 3446 Cito
1079 3382 1227 3467 expletur
1243 3398 1366 3448 naturae

412 3486 600 3551 necessitas:
633 3485 730 3569 frigus
754 3497 785 3548 et
811 3483 909 3546 fames
933 3482 1067 3569 simplici
1092 3484 1221 3556 vestitu,
1239 3499 1271 3549 et
1295 3486 1367 3551 cibo

411 3588 531 3675 expelli
547 3600 661 3674 potest.
703 3589 774 3650 Hoc
796 3587 925 3671 quidem
951 3586 1122 3670 Epicurus,
1144 3587 1219 3650 licet
1238 3611 1258 3651 n
1277 3591 1365 3678 turpi

412 3691 597 3778 sequacium
613 3712 710 3774 grege
733 3688 927 3752 contraxerit
950 3687 1086 3753 infamiae
1107 3703 1225 3753 notam.
1266 3693 1367 3758 Porro

412 3792 607 3859 Aristoteles
621 3791 714 3855 docet
736 3816 755 3854 a
769 3790 889 3877 quibus
904 3790 943 3854 sit
968 3791 1185 3877 voluptatibus
1206 3795 1366 3881 proecipne

411 3895 649 3963 abstinendum.
683 3896 789 3972 Quum
799 3893 881 3956 enim
893 3894 932 3957 de
944 3893 1206 3980 quinquepartito
1216 3919 1366 3961 sensuum

412 4001 502 4066 sonte
519 3998 669 4085 voluptas
682 3999 814 4071 oriatur,
828 3997 913 4060 illam
929 4018 1001 4083 quae
1017 4011 1064 4061 est
1075 4011 1190 4082 gustus
1204 4013 1236 4063 et
1252 4013 1366 4074 tactus,

412 4103 448 4169 id
470 4118 530 4182 est,
554 4101 617 4166 cibi
642 4114 675 4165 et
696 4102 827 4180 ventris,
845 4098 942 4162 solam
967 4099 1149 4163 hominibus
1168 4121 1366 4163 communem

412 4204 492 4269 dicit
506 4226 575 4267 esse
589 4224 663 4265 cum
678 4201 791 4274 beluis,
806 4214 839 4264 et
854 4200 973 4262 idcirco
990 4200 1022 4261 in
1039 4197 1199 4282 pecudum
1214 4197 1369 4259 ferorum-

412 4329 477 4392 que
494 4304 679 4369 animalium
695 4324 828 4366 numero
849 4301 996 4375 habetur,
1013 4300 1160 4384 quisquis
1182 4299 1240 4360 hac
1257 4298 1368 4383 volup-

412 4420 480 4475 tate
495 4407 637 4473 l'erarum
654 4419 838 4492 occupatur.
870 4401 1005 4467 Caetcrae
1017 4422 1056 4463 ex
1073 4401 1175 4463 tribus
1190 4399 1264 4465 aliis,
1274 4404 1369 4465 sensi·
