3550 5467
433 715 494 773 lta
686 731 823 775 Joaums
839 733 1118 783 sarasar-:manera
1221 727 1308 803 [ata.
1326 746 1388 792 vu.

429 881 555 970 parvuli
571 881 749 960 initiantur,
764 896 801 947 ut
817 883 944 948 virtutis
962 885 1142 970 instructio,
1156 904 1189 956 et
1205 915 1285 958 usus
1299 905 1386 959 tene·

429 984 473 1045 ris
487 983 626 1047 ebibitus
640 987 763 1060 animis,
776 984 867 1048 facile
882 1001 1020 1072 nequeat
1031 989 1151 1055 aboleri
1168 994 1339 1078 (quoniam
1351 1011 1384 1062 et

429 1100 511 1148 testa
525 1085 649 1149 diutius
664 1103 768 1149 serrat
783 1086 913 1151 odorem
929 1089 1011 1172 ejus,

568 1195 629 1255 Quo
641 1193 721 1246 semel
727 1196 775 1259 {est
787 1195 887 1249 imbuta
898 1199 1014 1269 recena)

427 1291 482 1354 Ait
498 1289 547 1352 vel
564 1291 656 1368 Cato,
672 1287 720 1352 rel
736 1288 818 1352 alius
834 1291 918 1366 (nam
934 1307 1046 1356 auctor
1060 1293 1202 1362 incertus
1215 1304 1280 1382 est)

568 1396 656 1448 Multa
667 1396 741 1463 legas
752 1396 840 1458 facito,
853 1396 974 1468 perlectis
985 1398 1091 1469 perlege
1103 1400 1197 1455 multa.

426 1499 499 1575 Quo
517 1494 647 1580 quidem
669 1491 790 1577 aliquid
815 1515 882 1555 esse
907 1493 1018 1556 utilius
1041 1495 1082 1557 ad
1107 1498 1273 1563 scientiam
1298 1504 1378 1588 arpi-

425 1597 520 1673 ranti,
550 1596 642 1660 facile
671 1617 733 1657 non
763 1592 962 1668 crediderim,
993 1611 1110 1680 praeter
1142 1597 1375 1667 observantiam

424 1698 644 1763 mandatorum
662 1695 734 1771 Dei,
750 1696 782 1758 iu
799 1717 865 1779 qua
879 1694 1049 1779 singularis
1063 1710 1095 1761 et
1119 1701 1236 1764 unicus
1251 1702 1375 1768 indubi-

425 1814 530 1865 tanter
544 1817 592 1863 est
607 1795 852 1884 philosophandi
868 1796 1040 1883 protectus.
1081 1800 1134 1863 Sic
1150 1815 1258 1867 tamen
1273 1806 1376 1870 omnia

424 1901 559 1986 legenda
585 1915 671 1974 sunt,
698 1912 865 1961 uteorum
888 1896 997 1982 aliqua
1016 1921 1119 1985 quum
1143 1901 1225 1967 lecta
1246 1904 1374 1986 fuerint,

423 2004 637 2087 negligantur,
656 1999 866 2084 reprobentur
889 2000 1053 2077 nonnulla,
1075 2001 1184 2089 aliqua
1207 2005 1374 2070 videantur

421 2104 618 2177 intransitu,
636 2125 673 2165 ne
693 2103 756 2165 siut
778 2101 908 2165 omnino
929 2101 1108 2189 incognita:
1139 2106 1195 2170 sed
1219 2130 1288 2192 prae
1309 2133 1373 2173 om·

421 2205 516 2268 nibus
532 2203 641 2287 majori
657 2203 824 2287 diligentia
834 2203 1042 2270 insistendum
1058 2220 1119 2285 est,
1130 2231 1207 2293 quae
1222 2224 1278 2274 aut
1295 2211 1372 2295 poli·

421 2308 515 2372 ticam
539 2306 649 2384 vitam,
663 2305 729 2368 sive
751 2305 876 2391 injure
897 2304 1075 2383 civili,sive
1097 2311 1130 2374 in
1153 2310 1224 2376 aliis
1246 2314 1371 2378 Ethioae

420 2409 590 2494 praeceptis
618 2407 803 2486 instituunt,
832 2420 889 2472 aut
927 2424 1098 2494 procurant
1132 2415 1287 2499 corporis,
1316 2431 1370 2482 aut

419 2511 534 2575 animae
548 2510 724 2575 sanitatem.
760 2512 869 2587 Quum
884 2511 968 2574 enim
983 2511 1039 2576 illa
1056 2536 1130 2598 quoe
1145 2515 1310 2603 praecipua
1324 2532 1369 2583 eat

419 2615 502 2677 inter
517 2609 662 2674 liberales
675 2610 868 2695 disciplinas,
885 2610 953 2674 sine
971 2635 1036 2696 qua
1050 2636 1143 2678 nemo
1158 2617 1369 2683 recte-docere

419 2717 467 2777 rel
490 2712 596 2776 doceri
618 2727 737 2797 potest,
760 2712 801 2775 sit
824 2712 856 2773 iu
881 2711 1028 2792 transitu,
1050 2726 1083 2777 et
1106 2716 1199 2798 quasi
1222 2739 1242 2780 a
1264 2717 1368 2783 limine

416 2817 597 2893 salutanda,
608 2815 683 2900 quis
697 2816 729 2878 iu
744 2813 815 2877 aliis
825 2827 950 2878 censeat
965 2813 1211 2896 immorandum,
1223 2843 1298 2906 quae
1312 2836 1366 2887 aut

417 2919 580 2984 intellectu
595 2916 749 2994 difficiles,
764 2929 821 2980 aut
836 2915 952 2979 effectu
967 2916 1107 2998 inutiles,
1121 2933 1153 2984 et
1173 2922 1367 3006 perniciore,

416 3043 479 3085 non
505 3019 628 3083 faciunt
651 3016 809 3081 hominem
837 3015 1024 3081 meliorem?
1056 3018 1138 3082 Nam
1166 3034 1200 3085 et
1225 3045 1263 3086 ea
1288 3020 1365 3109 ipsa,

415 3145 555 3210 quorum
586 3144 662 3186 usus
687 3119 879 3183 necessarius
901 3131 960 3198 est,
982 3119 1006 3183 si
1030 3120 1190 3186 homiuem
1213 3123 1363 3190 immode

414 3228 517 3291 ratius
545 3223 780 3308 occupaverint,
806 3219 1069 3307 perniciosissima
1098 3237 1183 3289 aunt.
1240 3228 1363 3304 Poetae,

415 3326 591 3400 historicos,
612 3336 764 3397 oratores,
787 3322 1026 3386 mathematicos
1048 3325 1222 3409 probabilis
1245 3328 1365 3392 mathe-

413 3428 549 3501 maticae,
560 3425 633 3510 quis
641 3422 775 3508 ambigit
787 3447 854 3487 esse
868 3423 1031 3509 legendos,
1043 3427 1180 3491 maxime
1190 3453 1291 3515 quum
1299 3431 1364 3496 aine

412 3529 462 3592 hia
478 3527 536 3590 viri
551 3549 618 3590 esse
636 3540 808 3610 nequeant,
825 3525 873 3588 vel
900 3549 961 3590 nou
984 3527 1105 3593 soleant
1128 3529 1269 3595 literati?
1299 3533 1362 3608 Qui

412 3630 494 3693 enim
511 3633 643 3692 istorum
659 3627 761 3710 ignari
776 3644 863 3704 sunt,
880 3628 1021 3694 illiterati
1040 3631 1203 3709 dicuntur,
1219 3633 1279 3697 etsi
1296 3633 1362 3700 lite-

412 3755 463 3795 ras
479 3729 633 3794 noverint.
672 3729 783 3803 Quum
800 3745 905 3795 tamen
921 3732 1011 3816 quasi
1028 3732 1129 3819 injus
1144 3757 1239 3798 suum
1255 3736 1363 3800 vendi·

409 3850 483 3897 cant
494 3831 645 3909 animum,
656 3832 714 3895 etsi
727 3830 936 3915 polliceantur
948 3833 1094 3898 notitiam
1106 3858 1224 3912 rerum,
1236 3835 1361 3902 virtutis

410 3950 515 4000 tamen
531 3934 688 3998 dedocent
703 3949 735 3998 et
750 3935 939 3998 submovent
954 3935 1090 4001 cultum.
1135 3937 1233 4000 Unde
1249 3938 1360 4002 Cicero

407 4062 510 4126 quum
526 4039 567 4102 de
582 4039 684 4122 poetis
695 4049 814 4122 ageret,
831 4048 867 4100 ut
882 4035 1070 4120 diligentius
1084 4037 1247 4114 audiatur,
1259 4038 1360 4102 excla-

408 4159 495 4206 mat:
531 4141 660 4207 Clamor
694 4154 726 4202 et
755 4137 946 4221 adprobatio
975 4138 1100 4224 populi,
1130 4139 1223 4224 quasi
1253 4138 1357 4224 magni

405 4244 575 4328 cujusdam
587 4257 618 4306 et
628 4242 778 4326 sapientis
786 4239 941 4323 magistri,
951 4254 983 4303 et
994 4242 1048 4326 qni
1059 4240 1099 4304 ad
1110 4241 1356 4306 commendatio·

407 4346 618 4411 nemsufficiat
628 4342 740 4427 plausu
750 4341 1285 4426 suo‚qu0svultt'acitauthenticos.
1310 4344 1356 4406 At
