3550 5467
410 754 474 823 ata
665 769 803 816 scissis
818 767 1104 814 saansaaruaasrs
1202 744 1284 830 [ua.
1300 766 1362 812 mn.

406 939 518 990 votum
541 923 666 986 uberior
689 921 838 985 succedat
864 918 997 983 occasio.
1046 917 1226 981 Miraberis
1252 918 1360 981 variam

406 1025 644 1113 supellectilem,
666 1031 698 1086 et
722 1023 837 1098 Crassi,
862 1036 897 1087 ut
922 1022 1057 1094 dicitur,
1081 1021 1259 1085 facultates
1283 1021 1361 1105 apud

406 1152 470 1204 eos,
486 1127 542 1214 qui
562 1124 739 1213 praedicant
760 1147 931 1210 pauperem
955 1124 1137 1201 Christum,
1152 1137 1186 1186 et
1208 1123 1285 1208 quia
1303 1125 1362 1185 suis

408 1251 470 1295 non
499 1244 660 1314 coguntur
689 1226 857 1314 stipendiis
886 1226 1035 1301 militare,
1066 1225 1302 1310 evangelizant,
1331 1239 1363 1289 ut

406 1331 585 1404 comedant,
614 1342 647 1393 et
679 1329 945 1413 evangelistarum
978 1328 1149 1413 stipendiis
1180 1328 1361 1392 abutantur.

408 1433 548 1498 Calicem
564 1429 696 1516 quidem
712 1429 744 1492 iu
760 1452 826 1514 quo
838 1427 961 1514 Joseph
977 1430 1133 1513 augurari
1149 1443 1362 1509 consueverat,

408 1535 441 1597 iu
459 1533 543 1597 sacci
558 1532 607 1594 sui
623 1554 677 1595 ore
688 1528 929 1607 revolvunt,sed
944 1527 1187 1593 condescendit
1199 1529 1232 1592 iu
1247 1551 1360 1594 manus.

411 1635 538 1720 lingua
563 1633 718 1719 siquidem
749 1631 931 1707 sacerdotis,
962 1629 1047 1695 calix
1077 1645 1126 1696 est
1146 1632 1229 1716 ejus,
1256 1632 1363 1716 quiin

410 1734 544 1799 veritate
562 1747 622 1813 est,
643 1746 675 1799 et
697 1730 955 1819 praefiguratione
977 1730 1116 1794 nominis
1136 1732 1365 1815 interpretatur

410 1833 549 1899 salvator
566 1834 690 1908 mundi,
711 1833 876 1896 institutus
898 1845 934 1894 ut
955 1830 1149 1894 vaticinetur
1169 1830 1364 1906 abscondita,

410 1950 443 1999 et
456 1935 598 1998 fidelium
616 1948 735 1999 mentes
751 1946 855 2020 potest
871 1956 909 1995 eo
924 1931 1053 2018 spiritu,
1064 1953 1129 2017 quc
1144 1933 1259 2018 repleti
1274 1933 1364 1998 disci-

411 2036 491 2121 puli,
501 2037 633 2100 verbum
649 2034 724 2099 fidei
736 2049 768 2100 et
780 2030 892 2100 salutis
903 2046 1097 2109 eructautes,
1110 2034 1142 2097 in
1154 2034 1276 2099 «Iudaea
1291 2035 1364 2099 ebrii

350 2212 356 2221 ι
410 2138 551 2223 reputati
566 2151 654 2214 sunt,
669 2137 888 2222 dispensantes
902 2158 1040 2222 granum
1050 2136 1217 2212 frumenti,
1231 2137 1317 2224 quod
1332 2139 1363 2200 in

411 2252 526 2302 terram
541 2238 645 2301 cordis
659 2260 769 2301 eorum
785 2238 954 2313 ceciderat,
966 2238 1077 2323 etjam
1093 2239 1126 2301 iu
1141 2242 1291 2303 castitate
1305 2239 1365 2303 elo

410 2338 479 2424 quii
501 2360 623 2413 eorum,
644 2338 787 2402 fructum
809 2339 981 2425 plurimum
1001 2338 1141 2404 Domino
1155 2342 1364 2424 germinabat.

410 2437 474 2504 Alii
496 2438 624 2524 quidem
648 2440 715 2503 sine
736 2440 903 2524 evangelio
926 2443 965 2505 de
991 2441 1158 2527 evangelio
1184 2446 1310 2514 vivunt,
1332 2457 1361 2507 et

411 2539 490 2603 bene
516 2542 541 2604 si
566 2528 678 2604 vivunt
706 2553 844 2619 tantum,
870 2554 906 2604 ut
937 2563 1000 2606 nou
1024 2543 1120 2606 etiam
1149 2543 1363 2610 luxurientur.

413 2641 485 2705 Hos
507 2663 582 2706 vero
596 2641 804 2707 mercenarios
826 2641 974 2719 dixerim,
991 2641 1050 2727 qui
1072 2666 1134 2707 nou
1158 2643 1304 2710 laborant
1328 2660 1362 2709 ut

412 2741 616 2820 manducent,
646 2742 703 2806 sed
729 2741 795 2806 siue
824 2741 932 2806 labore
958 2763 1019 2804 non
1047 2742 1251 2821 manducare,
1278 2745 1362 2830 quod

412 2842 606 2908 necessitatis
633 2857 692 2918 est,
715 2844 769 2907 sed
800 2843 897 2907 ociari
926 2858 957 2907 et
986 2843 1143 2910 luxuriari
1172 2845 1363 2911 desiderant.

412 2946 571 3010 Omnibus
604 2945 734 3031 quidem
772 2944 827 3031 qui
860 2946 997 3028 pastoris
1032 2958 1181 3010 exercent
1216 2946 1363 3026 officium,

410 3047 514 3131 gratia
528 3046 664 3111 debetur
677 3060 709 3111 et
724 3051 909 3125 reverentia,
924 3061 956 3112 et
971 3049 1028 3132 qui
1046 3049 1215 3114 Christum
1225 3073 1364 3135 quacun·

411 3172 476 3234 que
498 3148 620 3213 ratione
635 3152 841 3225 annunciant,
863 3161 895 3212 et
911 3148 1036 3212 lucrum
1060 3149 1197 3226 faciunt,
1213 3174 1286 3215 cum
1309 3175 1364 3216 sua

411 3262 530 3325 tamen,
546 3262 577 3313 ct
594 3272 652 3333 pro
672 3272 730 3313 sua
753 3249 900 3324 utilitate,
923 3249 1100 3314 animarum
1123 3252 1318 3336 pastoribus,
1332 3267 1361 3318 et

409 3350 521 3414 salutis
542 3351 816 3436 dispensatoribus
843 3364 1073 3435 aggregentur,
1103 3353 1232 3439 sintque
1260 3355 1361 3434 amici,

408 3450 473 3515 sint
488 3464 519 3515 et
542 3452 746 3530 venerabiles,
761 3465 792 3516 et
809 3464 937 3537 patrum
953 3451 1104 3517 laetentur
1125 3454 1268 3526 honores
1293 3469 1325 3520 et
1339 3456 1362 3519 si

409 3554 593 3616 mercenarii
608 3567 694 3630 sunt,
710 3554 854 3617 mercede
869 3576 926 3617 sua
942 3575 991 3616 me
1006 3575 1171 3640 nunquam
1192 3554 1363 3640 privabun-

410 3668 466 3717 tur
482 3666 624 3717 auctore.
669 3655 802 3717 Utinam
820 3655 904 3719 sitin
920 3655 1001 3730 istis,
1019 3655 1074 3740 qui
1091 3658 1226 3721 verbum
1246 3657 1308 3722 Dei
1323 3657 1365 3722 lo-

408 3768 539 3840 quatur,
564 3755 621 3839 qui
647 3753 783 3818 aedificet
810 3756 971 3821 ecclesiam
994 3756 1067 3832 Dei,
1092 3757 1143 3820 vel
1167 3757 1209 3821 ad
1232 3758 1364 3824 lucrum.

409 3857 482 3920 Non
498 3854 625 3918 invideo
640 3854 740 3931 lucro,
756 3854 781 3917 si
797 3876 894 3940 opera
902 3856 1103 3920 antecedant.
1149 3859 1214 3936 Qui
1233 3883 1307 3925 vero
1322 3861 1365 3925 sic

408 3957 532 4023 inhiant
547 3954 653 4032 lucris,
669 3967 705 4019 ut
721 3977 794 4040 quoe
811 3956 931 4020 Christi
952 3969 1039 4033 suut,
1056 3962 1207 4022 universa
1228 3975 1366 4025 contem-

408 4073 498 4137 nant,
512 4072 544 4124 et
565 4057 609 4121 sic
631 4080 688 4120 nec
709 4056 841 4120 haeresin
864 4057 1011 4136 doceant,
1026 4079 1082 4120 uec
1104 4063 1366 4127 contentionibus

407 4160 569 4225 ecclesiam
593 4158 749 4235 scindant,
764 4179 821 4220 nee
842 4157 978 4240 pastoris
992 4180 1049 4220 nec
1071 4163 1261 4226 mercenarii
1278 4139 1377 4248 digni‘

410 4279 485 4326 sunt
500 4284 557 4324 nec
572 4260 700 4337 honore,
714 4279 772 4320 nec
787 4258 923 4322 nornine.
964 4259 1035 4322 Non
1053 4259 1169 4344 loquor
1183 4262 1227 4327 de
1242 4264 1368 4350 legatis.

409 4363 582 4427 Ecclesiam
597 4364 783 4438 Romanam,
793 4382 868 4444 quoe
879 4382 994 4445 parens
1006 4364 1150 4444 (auctore
1164 4363 1250 4446 Deo)
1266 4381 1298 4430 et
1309 4389 1372 4430 nu.
