3550 5467
410 698 475 758 ³40
668 707 804 754 rossum
820 705 1101 752 ssassasaiausrs
1199 687 1281 768 [sia.
1295 707 1360 752 rur.

413 876 463 927 cst
493 860 565 926 finis
594 859 735 945 ignarus.
781 857 936 943 Princeps
958 870 1064 923 autem
1092 856 1277 921 contortam
1302 879 1363 934 eos,

412 961 472 1027 sibi
488 982 638 1047 prospera
652 959 822 1022 monstrari
837 957 983 1032 asseruit,
998 961 1124 1044 etquis
1144 958 1276 1042 signum
1289 956 1362 1040 dog-

413 1063 507 1128 matis
533 1060 708 1126 Christiani
734 1073 945 1138 coerceretur,
970 1082 1010 1123 ne
1033 1061 1061 1124 ei
1091 1059 1222 1122 dilatari
1252 1059 1365 1137 liceret,

412 1161 524 1229 circuli
540 1161 676 1227 termino
689 1183 756 1224 esse
770 1173 969 1244 conseptum.
1013 1161 1121 1237 Quum
1138 1175 1249 1224 autem
1265 1159 1363 1222 adhuc

415 1265 507 1351 pueri
530 1262 647 1328 Gallus
669 1275 701 1327 et
721 1261 874 1326 Julianus
893 1260 934 1324 ad
957 1261 1156 1347 sepulturam
1189 1263 1364 1326 Mammea

414 1366 537 1444 matris,
559 1387 656 1451 opere
677 1364 761 1428 inter
782 1387 815 1427 se
838 1363 940 1426 diviso
965 1365 1110 1429 certatim
1133 1363 1300 1428 basilicam
1321 1363 1363 1427 ss·

414 1470 586 1545 micarent,
603 1491 652 1532 res
672 1467 762 1532 dictu
785 1464 949 1543 mirabilis,
963 1478 997 1530 et
1018 1466 1153 1530 forsitan
1176 1466 1365 1532 incredibilis

415 1569 566 1638 accidisse
594 1582 752 1632 narratur.
805 1566 892 1631 Galli
919 1589 1058 1653 namque
1080 1589 1154 1653 pars
1179 1568 1367 1653 augebatur,

415 1671 601 1758 utiliterque
614 1672 792 1736 crescebat:
816 1671 839 1733 J
842 1668 939 1733 uliani
952 1693 1027 1734 vero
1039 1669 1162 1734 labores
1172 1670 1227 1734 alii
1241 1670 1365 1757 quidem

417 1775 634 1851 fodiebantur,
653 1773 717 1853 alii,
738 1786 823 1837 terra
841 1771 910 1857 ipsa
932 1787 1108 1849 evomente,
1123 1773 1297 1838 ruderibus
1314 1774 1368 1837 im·

417 1877 608 1963 plebantur:
645 1874 837 1960 aliquotiens
866 1887 960 1938 terroe
988 1872 1134 1961 deposita
1163 1875 1368 1940 fundamenta

418 1978 562 2065 copulari
577 1999 638 2041 non
656 1988 812 2062 poterant,
828 1997 865 2039 ac
885 1975 911 2038 si
931 1977 1080 2061 quiedam
1101 1977 1243 2042 violenta
1258 1979 1367 2054 virtus,

418 2080 459 2146 ab
481 2078 631 2143 inferiore
654 2077 723 2141 loco
743 2101 782 2141 ea
803 2078 1055 2164 repercutiendo,
1076 2079 1261 2165 depelleret.
1307 2080 1369 2142 Res

418 2181 602 2268 prodigiosa
617 2180 683 2242 visa
697 2193 745 2243 est
761 2181 924 2260 omnibus,
939 2181 1207 2262 existimantibus,
1219 2182 1295 2269 quia
1309 2204 1367 2245 non

418 2294 499 2347 esset
521 2284 572 2344 vir
593 2279 646 2343 ille
668 2283 699 2344 in
725 2280 909 2344 Christiana
933 2283 1084 2369 religione
1109 2284 1257 2350 salubris.
1302 2282 1368 2347 Nec

419 2381 517 2447 falso:
540 2379 628 2465 quod
651 2380 758 2465 patuit
777 2402 817 2443 ex
839 2383 1030 2467 postfacto.
1076 2385 1159 2448 Nam
1179 2383 1326 2450 ecclesias
1338 2401 1370 2448 et

421 2483 592 2560 ministros,
614 2481 864 2568 possessionibus
892 2496 924 2548 et
953 2485 1127 2571 privilegiis
1156 2485 1315 2572 spoliavit,
1340 2498 1371 2549 et

422 2585 512 2674 quod
535 2586 628 2651 nimis
652 2607 760 2670 grave,
782 2599 815 2649 et
838 2585 932 2671 plane
954 2585 1141 2673 injuriosum
1165 2602 1224 2669 est,
1244 2587 1371 2652 clericos

418 2687 516 2776 jussit
531 2687 687 2753 militibus
706 2686 886 2773 aggregari,
901 2686 977 2753 duci
995 2689 1169 2775 provinciae
1190 2689 1370 2768 servituros,

421 2790 640 2875 plurimosque
660 2809 769 2855 eorum
796 2789 893 2856 curiae
923 2789 1065 2856 tradidit.
1111 2791 1272 2879 Populum
1298 2813 1371 2855 vero

423 2891 640 2957 Christianum
660 2914 734 2957 cum
754 2893 911 2958 uxoribus
930 2904 962 2958 et
980 2894 1053 2960 liliis
1067 2895 1198 2962 inscribi
1212 2894 1372 2982 precepit,

422 3005 456 3057 et
477 3004 631 3078 tanquam
654 2992 798 3056 vicaneos
818 2992 940 3060 tributa
960 2995 1151 3080 persolvere,
1169 3007 1202 3061 et
1223 2997 1371 3062 Galilaeos

423 3117 533 3159 omnes
553 3093 676 3159 censuit
698 3094 816 3158 infelici
837 3094 1041 3161 diminutioni
1062 3099 1179 3184 capitis
1200 3101 1371 3186 subjacare.

426 3198 466 3260 In
488 3194 578 3262 initio
595 3208 702 3262 autem
719 3195 911 3262 Christianis
933 3220 1076 3284 parcens,
1092 3201 1200 3266 mitior
1215 3204 1301 3268 risus
1314 3214 1371 3277 est,

423 3299 527 3364 wicus
552 3298 674 3383 priores
703 3313 949 3386 persequutores
978 3300 1055 3368 nihil
1082 3305 1253 3390 proiecisse
1282 3326 1374 3392 poeos

425 3399 692 3479 Christianorum,
718 3402 775 3489 qui
801 3401 904 3488 magis
934 3405 1008 3471 inde
1033 3425 1217 3488 creverunt,
1242 3423 1274 3473 et
1300 3407 1373 3473 facti

424 3515 499 3566 sunt
512 3500 653 3585 gloriosi,
669 3525 728 3588 pro
743 3525 819 3568 vero
832 3503 982 3588 dogmate
999 3506 1178 3573 morientes.
1225 3509 1374 3573 Invideas

422 3622 499 3684 ergo
524 3622 634 3665 eorum
660 3601 784 3686 gloria,
805 3605 959 3672 abstinuit
984 3632 1004 3672 a
1030 3609 1209 3690 tormentis,
1227 3611 1374 3696 judicans

420 3721 488 3766 esse
510 3700 731 3779 necessarium,
748 3717 784 3768 ut
807 3727 951 3772 sermone
971 3709 1078 3794 potius
1097 3724 1129 3776 et
1149 3711 1373 3785 admonitione,

423 3802 464 3868 ad
479 3800 695 3886 paganitatem
710 3804 888 3885 colendam,
905 3811 1056 3898 populum
1074 3813 1236 3894 suaderet,
1250 3835 1375 3900 sperans

424 3905 521 3974 etiam
543 3904 617 3969 hinc
638 3928 672 3969 se
693 3922 867 3974 monstrare
889 3913 1087 3980 clementem.
1132 3917 1264 3984 Dicitur
1284 3916 1376 3995 enim,

423 4012 500 4095 quia
513 4007 591 4073 dum
605 4005 881 4099 Constantinopoli
895 4015 983 4102 apud
1000 4017 1178 4083 Fortunam
1188 4019 1375 4085 sacrificaret

423 4111 523 4188 urbis,
538 4108 669 4175 accessit
684 4110 725 4176 ad
740 4136 813 4177 eum
838 4116 951 4195 Maris,
965 4117 1131 4205 episcopus
1147 4119 1377 4199 Chalcedonio,

423 4225 455 4276 et
479 4212 607 4297 publice
628 4213 763 4300 impium
784 4227 816 4282 et
834 4218 900 4283 sine
923 4222 995 4286 Deo
1014 4230 1193 4307 apostatam
1218 4224 1375 4290 vocitarit.

424 4315 467 4376 At
483 4311 535 4375 ille
550 4314 649 4381 solam
660 4316 689 4381 ei
698 4318 916 4406 improperans
928 4323 1167 4401 caecitatemm
1181 4325 1270 4411 quod
1286 4345 1378 4392 senex
