3550 5467
403 746 483 790 cnr.
502 726 594 806 vua]
781 746 1036 792 nosrcaarrcrs.
1310 737 1373 794 247

410 895 499 961 soliti
524 896 588 963 sint
611 896 660 962 uti
685 898 820 983 majores
843 910 920 961 natu
942 898 973 961 in
997 899 1159 963 conviviis.
1204 899 1254 964 Ad
1278 898 1371 963 tibias

408 1000 540 1085 egregia
556 1021 742 1087 superorum
759 1022 856 1086 opera
867 1000 1004 1064 carmine
1016 1002 1241 1088 comprehensa
1254 1024 1371 1088 pange-

410 1104 503 1180 bant,
518 1127 586 1189 quo
605 1101 646 1166 ad
662 1126 699 1166 ea
718 1101 862 1166 miranda
881 1102 1032 1168 virtutem
1052 1103 1234 1168 alacriorem
1258 1103 1370 1168 redde-

411 1220 496 1272 rent.
536 1205 621 1284 Quid
643 1206 702 1269 hoc
725 1204 935 1291 splendidius,
952 1205 1031 1292 quid
1055 1205 1148 1272 etiam
1174 1207 1285 1272 utilius
1303 1229 1369 1271 cer-

413 1310 557 1374 tamine?
592 1309 751 1372 Pubertas
774 1330 868 1371 sunm
895 1309 982 1372 canis
1007 1308 1102 1373 decus
1126 1308 1290 1383 reddebat,
1314 1309 1369 1373 de-

413 1410 527 1475 functa
550 1409 609 1473 viri
630 1432 725 1473 cursu
748 1421 837 1483 aetas,
852 1408 1069 1494 ingredientes
1090 1424 1249 1475 actuosam
1272 1411 1370 1474 vitam

414 1512 537 1578 favoris
565 1511 769 1576 nutrimentis
795 1511 1057 1596 prosequebatur.
1103 1515 1192 1586 Quas
1219 1512 1371 1588 Athenas,

415 1637 513 1700 qnam
530 1613 680 1691 scholam,
693 1636 767 1699 quae
782 1613 958 1697 alienigena
973 1613 1092 1689 studia,
1104 1614 1178 1678 huic
1189 1614 1371 1679 domesticae

415 1715 592 1802 disciplinae
607 1715 828 1802 praetulerim?
859 1712 939 1777 lude
954 1711 1138 1778 oriebantur
1155 1713 1293 1795 Camilli,
1306 1715 1385 1806 Sci-⁴

415 1823 540 1905 piones‚
562 1817 713 1894 Fabricii,
730 1817 836 1893 Fabii,
858 1830 889 1880 et
916 1816 1072 1881 Marcelli.
1109 1822 1164 1896 At,
1186 1840 1226 1880 ne
1249 1815 1373 1901 singula

418 1921 557 1985 Romam
568 1920 691 2006 imperii
703 1920 825 1983 lumina
841 1917 1066 2004 percurrendo,
1079 1918 1137 1981 sim
1154 1918 1289 2002 longior,
1298 1916 1372 1982 inde

417 2019 1372 2109 superioriscoeliclarissimaparsdiviCaesarescll'ulserunt.

418 2129 499 2191 Hoec
510 2125 668 2191 Valerius.
696 2124 758 2189 Sed
768 2125 878 2210 etipse
887 2123 991 2199 Plato,
1002 2146 1102 2209 quum
1112 2135 1194 2188 esset
1203 2120 1302 2193 dives,
1312 2144 1372 2208 pro

419 2240 563 2312 tempore
587 2241 691 2291 tamen
706 2240 738 2291 et
760 2226 953 2304 conditione,
969 2239 1000 2291 et
1019 2240 1104 2290 toros
1125 2227 1195 2313 ejus
1211 2227 1373 2312 Diogenes

418 2329 529 2394 lutatis
545 2329 680 2415 pedibus
694 2328 903 2404 conculcaret,
921 2342 957 2393 ut
980 2342 1086 2415 posset
1107 2352 1216 2394 vacare
1235 2329 1373 2416 philoso-

418 2432 515 2521 phiae,
532 2431 627 2517 elegit
651 2430 854 2512 academiam,
868 2431 975 2496 sillam
998 2432 1039 2496 ab
1062 2433 1140 2497 urbe
1163 2432 1287 2517 procul,
1310 2454 1372 2495 non

417 2536 522 2602 solum
550 2535 718 2612 desertam,
742 2533 796 2596 sed
823 2538 918 2598 etiam
945 2534 1155 2621 pestilentem,
1182 2547 1218 2599 ut
1242 2556 1319 2597 cura
1341 2547 1373 2596 et

418 2734 634 2821 discipulique
657 2735 705 2798 sui
730 2733 849 2799 nullam
870 2734 963 2798 aliam
988 2735 1141 2797 sentirent
1165 2734 1374 2819 voluptatem,

418 2837 478 2902 nisi
509 2860 618 2901 earum
644 2859 763 2914 rerum,
790 2860 870 2924 quas
895 2836 1061 2902 discerent.
1108 2838 1168 2900 Est
1194 2849 1300 2899 autem
1329 2832 1378 2897 ria

418 2940 570 3006 omnibus
605 2938 758 3026 praeclusa
792 2939 979 3025 disciplinis,
1014 2940 1040 3002 si
1074 2962 1178 3002 comes
1213 2936 1376 3023 sapientiae

420 3043 574 3108 sobrietas
586 3055 760 3106 amovetur.
787 3045 893 3116 Quam
911 3042 1024 3127 utique
1036 3054 1143 3106 tenere
1158 3063 1219 3104 non
1233 3053 1377 3125 possunt,

420 3145 479 3232 qui
494 3144 657 3208 clamitant
679 3143 764 3229 apud
782 3143 918 3207 insulsos
933 3148 953 3179 “
969 3147 1075 3209 omnia
1098 3144 1187 3207 siccis
1208 3142 1289 3207 dura
1310 3163 1378 3204 esse

421 3247 616 3335 proposita.”
648 3251 721 3332 Ego
738 3247 865 3334 quidem
888 3250 962 3311 novi
978 3247 1137 3312 hominem
1160 3246 1254 3332 longe
1270 3244 1377 3309 inferi·

420 3374 509 3415 orem
535 3354 679 3427 Platone,
696 3349 754 3412 nisi
777 3349 852 3437 quia
875 3350 1077 3416 Christianus
1099 3365 1158 3427 est,
1174 3372 1232 3416 nec
1255 3348 1379 3413 licitum

417 3456 562 3535 ‚arbitror
592 3452 774 3518 Christiano
803 3453 953 3539 praeserre
983 3453 1033 3517 vel
1063 3453 1238 3518 Platonem.
1282 3451 1379 3530 Novi,

422 3555 566 3641 inquam,
592 3554 749 3618 hominem
777 3555 1013 3638 aegrotativum,
1040 3556 1221 3620 morborum
1249 3554 1378 3618 incursu
1434 3565 1437 3572 ’

422 3658 564 3734 assiduo,
586 3656 664 3720 dum
692 3669 796 3721 tamen
824 3679 885 3719 uon
912 3672 1095 3722 excrescant
1117 3681 1213 3745 super
1234 3658 1268 3722 id
1291 3655 1379 3744 quod

422 3760 506 3824 serre
522 3772 639 3846 potest,
654 3758 859 3843 gaudentem,
875 3775 912 3823 ut
927 3762 1030 3826 carnis
1045 3761 1171 3826 lascivia
1186 3775 1381 3838 conteratur,

423 3876 456 3927 et
479 3861 612 3948 spiritus
633 3860 786 3946 erigatur,
801 3873 833 3925 et
854 3862 1025 3928 roboretur
1047 3867 1078 3929 in
1094 3865 1288 3950 agnitionem
1306 3864 1380 3938 Dei,

424 3979 644 4051 contemptum
661 3963 785 4043 mundi,
794 3978 825 4029 et
841 3966 1027 4031 exercitium
1039 3967 1179 4046 virtutis,
1188 3982 1220 4032 et
1232 3967 1263 4032 id
1277 3967 1380 4030 solum

425 4066 671 4142 desiderantem,
686 4066 763 4130 dum
783 4090 893 4130 sensus
913 4069 1026 4132 animae
1046 4081 1077 4133 et
1094 4070 1235 4153 corporis
1255 4088 1381 4130 serven·

427 4184 479 4234 tur
495 4170 680 4244 incolumes,
696 4181 728 4231 et
743 4167 811 4253 ipse
827 4168 978 4234 violentia
993 4170 1194 4254 aegritudinis
1206 4191 1225 4230 a
1238 4165 1384 4251 gerendis

426 4294 489 4335 non
514 4285 690 4347 revocetur,
715 4269 845 4356 aliquod
868 4271 1040 4355 flagellum,
1061 4270 1127 4333 leve
1148 4284 1265 4340 tamen,
1280 4279 1312 4328 et
1335 4267 1384 4328 in·

428 4373 521 4436 firmo
546 4371 723 4450 tolerabile,
747 4372 786 4436 de
813 4393 909 4435 manu
938 4372 1067 4436 Domini
1094 4381 1325 4454 expectantem,
1353 4383 1385 4432 ct
