3550 5467
512 731 534 791 8
763 748 901 794 Joassrs
917 745 1197 791 saansaanrnssrs
1331 727 1413 807 [nra.
1431 745 1475 789 vr.

514 898 650 983 gluvies,
674 910 797 965 vastare
822 899 959 985 possint,
983 910 1016 961 et
1040 900 1179 963 lacerare
1206 898 1418 982 provinciam,
1442 909 1475 960 et

515 1002 662 1086 injuriam
685 1003 852 1086 principis,
874 1001 967 1085 quasi
989 1001 1071 1062 vires
1093 1001 1191 1064 totius
1212 1000 1398 1082 reipublicae
1415 1021 1472 1062 ex·

515 1099 652 1165 haurire.
711 1103 865 1184 Alioquin
896 1112 928 1165 et
963 1103 1034 1184 ipso
1064 1103 1097 1164 in
1127 1113 1302 1182 egestatem
1339 1102 1472 1181 incidet,

516 1204 766 1286 provincialibus
781 1205 931 1267 omnibus
946 1203 1089 1279 odiosus,
1100 1203 1282 1266 redditurus
1297 1225 1355 1265 suo
1365 1202 1472 1286 judici

515 1305 671 1369 rationem
691 1302 725 1367 in
748 1305 898 1368 destricto
918 1306 1077 1381 examine,
1093 1304 1133 1366 de
1150 1305 1301 1388 operibus
1319 1324 1471 1367 manuum

518 1428 658 1486 suarum,
673 1421 704 1472 et
719 1408 759 1470 de
773 1408 905 1471 laesione
925 1408 1180 1492 provincialium,
1196 1429 1278 1491 quos
1292 1408 1424 1492 injuste,
1440 1418 1473 1472 et

519 1513 609 1595 quasi
626 1534 682 1595 per
695 1512 838 1575 fraudem
850 1514 910 1575 sub
923 1513 1035 1575 umbra
1047 1511 1192 1575 tuitionis
1204 1533 1299 1574 manu
1312 1512 1471 1594 spoliavit,

517 1625 550 1676 et
563 1615 713 1678 laceravit
726 1614 848 1676 inermi.

516 1782 598 1868 Cap.
615 1789 644 1846 2.
671 1784 763 1859 Quod
781 1787 903 1847 militia
927 1785 1086 1848 delectum
1108 1787 1225 1866 exiyit,
1243 1785 1414 1847 scientiam
1437 1794 1469 1849 et

852 1887 1133 1948 exercitationem.

559 2019 695 2080 Rssrar
725 2029 846 2082 armata
874 2040 1093 2102 manus,quae
1119 2031 1311 2082 castrensem
1338 2027 1371 2081 et
1396 2040 1467 2081 cru·

516 2131 624 2184 antam
649 2119 696 2196 (ut
719 2119 839 2182 dictum
865 2124 924 2197 est)
949 2129 1079 2183 exercet
1106 2120 1264 2182 militiam.
1309 2119 1467 2202 inhujus

515 2232 621 2285 autem
658 2220 875 2283 moderatione
905 2220 1063 2303 sapientia
1092 2230 1124 2282 et
1153 2219 1279 2303 justitia
1312 2219 1468 2303 principis

514 2324 622 2386 elucet
646 2321 828 2405 plurimum.
884 2323 931 2384 Ut
955 2322 1040 2383 enim
1067 2322 1111 2383 ait
1131 2322 1286 2403 Vegetius
1312 2323 1468 2400 Renatus,

515 2425 622 2487 nullus
651 2434 700 2486 est
730 2445 825 2507 quem
856 2434 1013 2505 oporteat,
1044 2424 1094 2485 vel
1124 2424 1226 2504 plura,
1256 2425 1306 2486 vel
1335 2425 1466 2486 meliora

514 2527 607 2600 scire,
618 2546 713 2608 quam
730 2524 919 2608 principem,
930 2523 1023 2607 cujus
1038 2524 1187 2588 doctrina
1202 2525 1301 2589 debet
1316 2526 1468 2590 omnibus

514 2626 666 2711 prodesse
690 2625 851 2709 subjectis.
898 2626 1005 2697 Quum
1022 2625 1105 2688 enim
1121 2626 1212 2707 pacis
1227 2625 1368 2708 itemque
1390 2626 1467 2689 belli

514 2728 630 2791 debeat
644 2748 743 2810 opera
764 2725 933 2803 moderari,
950 2728 1059 2808 legum
1080 2726 1191 2808 reique
1212 2726 1337 2788 bellicae
1360 2727 1465 2809 ipsum

514 2840 641 2914 oportet
674 2830 792 2892 habere
822 2828 979 2912 peritiam.
1037 2829 1082 2891 Et
1111 2827 1242 2910 quidem
1272 2827 1312 2890 de
1342 2831 1467 2911 pacatis

513 2932 627 2996 studiis
663 2931 770 3014 aliqua
806 2931 953 3013 superius
989 2930 1077 2994 dicta
1113 2941 1197 3007 sunt,
1227 2953 1313 2994 nunc
1351 2954 1465 2995 manus

513 3046 635 3098 armata
666 3032 846 3111 discutitur,
875 3054 948 3117 quae
985 3032 1055 3095 sine
1092 3031 1231 3107 delectu,
1261 3034 1403 3111 scientia,
1433 3045 1465 3097 et

511 3135 742 3200 exercitatione
762 3157 827 3198 non
845 3134 1048 3199 convalescit.
1095 3133 1217 3209 Quavis
1232 3125 1315 3197 e'nim
1332 3135 1464 3199 istorum

512 3250 671 3313 cessante,
694 3260 761 3300 non
790 3237 924 3319 prodest
950 3237 1073 3299 inutilis
1103 3258 1226 3299 manus.
1276 3238 1320 3300 At
1344 3239 1377 3300 in
1402 3239 1466 3315 his,

513 3338 647 3401 scientia
668 3347 701 3399 et
723 3336 910 3400 exercitatio
935 3336 1060 3397 utiliora
1084 3347 1167 3399 sunt.
1212 3339 1355 3402 Scientia
1377 3341 1463 3402 euim

512 3438 559 3499 rei
572 3437 697 3499 bellicae
713 3435 888 3498 dimicandi
905 3435 1002 3497 nutrit
1017 3434 1194 3500 audaciam.
1240 3440 1345 3501 Nemo
1360 3440 1464 3504 facere

513 3538 636 3612 metuit,
652 3536 740 3621 quod
763 3558 796 3599 se
820 3536 903 3599 bene
926 3535 1078 3599 didicisse
1095 3539 1238 3603 confidit.
1284 3542 1412 3604 Etenim
1430 3541 1463 3603 in

513 3640 683 3704 certamine
706 3641 862 3703 bellorum
882 3639 1060 3703 exercitata
1081 3642 1227 3724 paucitas
1241 3641 1282 3704 ad
1298 3643 1462 3705 victoriam

513 3741 688 3826 promptior
702 3754 761 3816 est,
771 3762 865 3825 quam
881 3741 970 3806 rudis
986 3753 1018 3805 et
1031 3742 1161 3805 indocta
1177 3743 1346 3806 multitudo
1361 3766 1462 3828 expo-

514 3841 575 3905 sita
588 3863 715 3925 semper
729 3842 769 3905 ad
785 3842 916 3906 caedem.
940 3842 1026 3915 Quid
1041 3843 1125 3905 enim
1138 3844 1303 3907 Romanos
1318 3845 1463 3925 gentium

513 3945 657 4007 omniurn
672 3943 748 4006 iecit
762 3965 833 4006 esse
850 3941 1008 4007 victores?
1044 3944 1185 4006 Scientia
1200 3945 1310 4029 utique
1327 3957 1358 4008 et
1374 3967 1464 4008 exer·

512 4043 632 4120 citatio,
642 4056 674 4106 et
688 4043 779 4119 fides,
788 4065 884 4126 quam
901 4044 994 4107 electi
1011 4065 1053 4107 ex
1069 4057 1265 4107 sacramento
1277 4046 1462 4128 reipublicae

511 4145 751 4230 impendebant,
798 4147 883 4207 Nam
902 4144 979 4228 quid
1000 4143 1152 4208 adversus
1168 4146 1335 4208 Gallorum
1356 4148 1463 4208 multi-

510 4245 666 4322 tudinem,
683 4247 829 4308 Romana
844 4247 989 4328 paucitas
1005 4244 1177 4308 valuisset?
1210 4244 1297 4317 Quid
1314 4245 1464 4308 adversus

511 4349 740 4413 Gcrnvanorum
758 4350 990 4431 proceritatem,
1005 4348 1143 4410 brevitas
1158 4348 1315 4430 potuisset
1327 4346 1463 4411 audere?
