3550 5467
575 1007 770 1072 Jornnrs
793 1004 1184 1072 sinusonnrnnsrs

478 1187 1260 1285 POLYORATICUS.

836 1375 903 1410 SIVE

403 1512 440 1569 ΒΕ
461 1520 560 1570 NUGIS
586 1522 773 1572 CURIALIUM
798 1524 840 1573 ΕΤ
864 1523 1025 1573 warlans
1052 1522 1344 1574 PHILOSOPHORUM.

687 1823 830 1888 LIBER
853 1819 1044 1887 SEXTUS.

780 2001 960 2046 PROLOGUS.

437 2113 562 2176 Noronr
578 2123 627 2176 est
641 2113 722 2177 illud
736 2116 858 2193 Ethici,
873 2117 950 2200 quia

493 2242 632 2297 AEmilium
643 2245 711 2296 circa
721 2244 811 2298 ludum
822 2245 895 2298 faber
907 2263 973 2300 unus
986 2254 1013 2301 ct
1025 2269 1126 2319 ungues

495 2329 645 2400 Exprimet,
659 2335 686 2381 et
697 2329 789 2383 molles
800 2331 945 2385 imitabitur
958 2350 1009 2387 aare
1022 2334 1139 2407 capillos.

378 2452 382 2461 .
495 2412 596 2466 Infelix
608 2415 693 2485 operis
705 2432 815 2480 somma,
827 2416 888 2484 quia
899 2435 993 2488 ponere
1005 2425 1089 2473 totum

495 2501 615 2554 Nesciet.
651 2500 731 2555 Hunc
743 2520 793 2571 ego
804 2521 846 2556 me
858 2504 881 2556 ei
893 2505 956 2573 quid
967 2524 1120 2578 componere
1132 2522 1227 2572 curem,

494 2586 558 2639 Non
570 2587 656 2654 magis
668 2605 726 2640 erae
737 2588 826 2653 velim,
838 2606 915 2659 quam
924 2608 988 2644 naso
1000 2590 1085 2645 rivere
1095 2611 1183 2665 pravo,

495 2672 671 2743 Spectandum
683 2675 764 2742 nigris
776 2674 866 2740 oculis,
878 2677 1004 2748 nigroque
1016 2680 1118 2750 capillo.

397 2795 478 2858 Dum
514 2796 681 2860 Plutarchi
715 2795 853 2876 vestigia
892 2795 925 2858 in
966 2796 1095 2879 Trajani
1140 2797 1348 2864 institutione

394 2896 577 2961 familiarius
606 2918 733 2982 sequor,
762 2897 920 2981 meipsum
950 2897 1011 2961 hac
1037 2898 1177 2979 imagine
1204 2901 1339 2964 arbitror

394 2999 584 3083 compellari,
599 3020 717 3082 eroque
737 2997 878 3061 ludibrio
901 2999 1054 3077 omnium,
1069 3001 1133 3063 nisi
1154 3002 1340 3083 diligentius

392 3119 562 3184 persequar
575 3099 661 3184 quod
683 3099 815 3184 incoepi.
861 3101 918 3164 Me
942 3100 1028 3162 enirn
1051 3101 1085 3162 in
1108 3103 1262 3183 praesenti
1282 3103 1342 3167 cli-

392 3208 496 3263 entem
518 3201 588 3284 ejus
608 3220 680 3262 esse
697 3201 860 3281 professus
883 3221 965 3262 sum.
1011 3199 1136 3283 Sequor
1159 3224 1234 3284 ergo
1257 3223 1342 3282 eum,

392 3310 423 3363 ct
435 3301 566 3384 acapite
582 3295 784 3382 Reipublicae
797 3319 869 3362 curn
882 3319 922 3361 eo
931 3319 1032 3381 usque
1044 3299 1085 3362 ad
1096 3300 1196 3383 pedes
1208 3300 1340 3366 descen-

390 3400 472 3478 dam,
494 3421 533 3462 ea
561 3410 667 3463 tamen
698 3396 895 3471 conditione,
918 3408 954 3461 ut
982 3397 1009 3459 si
1039 3398 1100 3476 his,
1123 3401 1240 3483 quibus
1263 3401 1340 3486 jura

356 3506 359 3513 '
390 3499 578 3585 permittitur
598 3501 754 3581 ignorare,
776 3495 956 3562 mordacior
983 3499 1016 3560 in
1038 3499 1098 3563 hac
1124 3512 1214 3584 parte
1240 3524 1338 3588 appa-

389 3600 535 3679 ruero,id
550 3621 615 3663 non
631 3599 721 3674 mihi,
737 3598 797 3661 aed
812 3599 986 3662 Plutarcho
1000 3599 1195 3678 adscribant,
1210 3613 1266 3667 aut
1277 3605 1340 3669 sibi

388 3704 504 3788 potina,
519 3703 575 3787 qui
595 3701 737 3782 regulam
758 3719 855 3783 quam
877 3698 1077 3783 profitentur,
1095 3709 1127 3764 et
1149 3723 1215 3785 qua
1229 3704 1338 3769 viren-

353 3788 360 3829 ⁵
388 3802 460 3866 dnm
477 3811 528 3866 eat
549 3800 607 3876 eis,
620 3798 743 3863 discere
765 3799 945 3862 uoluerunt.
991 3801 1077 3862 Nam
1093 3799 1180 3884 quod
1200 3803 1242 3866 de
1262 3825 1338 3867 noa·

354 3964 358 3973 .
387 3906 519 3968 tratibua
541 3902 663 3965 dictum
685 3912 744 3978 est,
759 3921 798 3963 ea
819 3902 888 3964 cola
910 3901 1086 3965 intentione
1106 3903 1221 3987 adjeci,
1236 3917 1271 3970 nt
1295 3907 1337 3970 ad

354 4040 357 4047 ·
387 4005 510 4070 virtutis
538 4005 622 4066 riam
651 4001 862 4079 redeantvel
892 4002 993 4065 inviti.
1039 4005 1108 4066 Eos
1133 4026 1272 4089 namquo
1295 4007 1337 4071 ad

350 4182 354 4191 Ι
387 4107 510 4189 agenda
539 4104 702 4168 sufficiunt
730 4103 870 4165 animare
900 4115 964 4165 tarn
995 4105 1145 4188 exempla
1170 4106 1337 4187 majorum,

352 4194 355 4245 J
386 4228 476 4290 quam
492 4204 651 4290 principia
673 4202 860 4285 magnitudo
874 4203 997 4282 invicti,
1012 4204 1105 4287 cujus
1126 4206 1235 4267 titulos
1249 4223 1336 4266 nunc

347 4282 353 4307 j
385 4307 465 4390 apud
481 4328 535 4371 ma
557 4307 593 4369 in
608 4325 708 4367 unum
724 4324 875 4384 congero,
891 4314 926 4367 ut
940 4325 1039 4386 quum
1060 4305 1193 4365 aliorum
1213 4303 1292 4364 tuba
1305 4312 1339 4382 et

427 4426 500 4471 voa.
519 4425 564 4470 ιν.
856 4422 877 4466 a
