3550 5467
291 718 365 770 cnr>-
382 709 478 787 xun]
637 726 889 772 eotrcnnrrecs.
1187 716 1249 776 287

294 875 481 942 bominibus
504 890 663 941 contracta
686 880 834 942 societate
859 880 999 944 miscere.
1047 883 1249 948 Consentiam

293 977 388 1043 facile
420 979 641 1045 litteratiorem
671 981 813 1045 extitisse
843 981 1088 1059 Quintilianum,
1115 996 1146 1048 et
1177 1009 1251 1051 acu-

294 1079 392 1158 mine,
416 1094 449 1145 et
470 1083 628 1166 gravitate
653 1083 778 1146 dicendi
802 1083 990 1168 praecedere.
1037 1090 1080 1149 At
1103 1085 1156 1149 ille
1182 1088 1253 1152 dili-

294 1181 423 1264 gentior
437 1197 496 1257 est,
509 1194 541 1246 et
558 1197 713 1267 quantum
732 1183 763 1245 in
780 1182 944 1247 rbetoricis
961 1184 1110 1262 vincitur,
1127 1200 1251 1251 tantum

296 1282 396 1346 vincit
411 1282 442 1345 in
454 1282 565 1347 etbica.
611 1285 685 1368 Ipse
701 1307 831 1370 quoque
847 1284 1064 1361 Quintilianus
1081 1287 1110 1349 in
1129 1289 1251 1374 magnis

295 1397 327 1446 et
344 1382 516 1469 praecipuis
531 1383 623 1446 bonis
642 1383 858 1469 frugalitatem
881 1384 983 1464 ducit,
997 1401 1028 1450 et
1044 1387 1077 1449 in
1094 1411 1251 1452 commen-

295 1482 427 1547 datione
446 1486 516 1569 ejus
536 1495 642 1549 tantus
662 1500 721 1563 est,
741 1499 775 1550 ut
799 1486 848 1548 vel
874 1486 960 1562 solus
979 1487 1078 1572 possit
1101 1488 1251 1554 sufficere.

297 1582 384 1657 Quis
400 1598 502 1647 tamen
520 1598 565 1648 est
583 1585 716 1670 quinon
732 1585 868 1650 laudet?
893 1588 973 1661 Quis
988 1611 1050 1651 non
1067 1611 1133 1652 eam
1148 1613 1252 1652 neces·

296 1688 410 1751 sariam
427 1686 553 1750 credit?
577 1687 629 1749 Ne
646 1701 749 1750 tamen
774 1712 792 1750 a
809 1688 981 1754 luxuriosis
1002 1714 1118 1776 arguar
1138 1715 1253 1757 avarus

296 1786 494 1872 frugalitatis
516 1784 675 1862 laudator,
699 1809 766 1849 eam
792 1787 973 1852 liberalitati
997 1790 1092 1853 credo
1107 1805 1138 1854 et
1154 1791 1254 1854 fateor

296 1888 467 1951 cohaerere.
514 1888 625 1952 Cicero
642 1886 718 1949 milri
735 1889 824 1951 testis
838 1903 897 1963 est,
914 1904 944 1952 et
961 1889 1072 1953 Julius
1088 1892 1206 1971 Caesar,
1221 1904 1251 1954 et

296 1988 365 2066 alii,
381 2011 461 2075 quos
476 2010 569 2051 nemo
589 1989 767 2052 tenacitatis
783 1990 966 2054 insimulare
983 2006 1163 2077 praesumet.
1188 1992 1252 2056 Ad-

298 2111 411 2154 versus
426 2089 507 2154 banc
524 2091 625 2153 multa
641 2091 787 2173 superius
802 2092 887 2155 dicta
905 2108 990 2172 sunt,
1006 2107 1038 2157 et
1053 2093 1254 2158 liberalitatis

298 2192 402 2257 officia
431 2215 471 2255 ex
502 2192 591 2256 libris
620 2191 793 2256 officiorum
825 2194 917 2258 facile
947 2197 1150 2262 innotescent.
1206 2198 1254 2261 Ut

298 2308 405 2359 tamen
429 2294 628 2359 liberalitatis
648 2298 796 2379 ingenuae
820 2297 914 2361 facies
929 2299 1123 2375 denudetur,
1139 2298 1254 2363 modus

298 2396 352 2460 ille
368 2396 524 2481 largiendi
539 2397 675 2461 nobilior
686 2413 716 2461 et
735 2397 925 2464 laudabilior
940 2415 999 2479 est,
1012 2417 1043 2465 et
1055 2403 1175 2487 absque
1186 2423 1253 2463 orn-

297 2501 387 2563 uium
400 2498 648 2562 contradictione
658 2500 809 2584 optimus,
821 2502 876 2586 qui
891 2525 978 2586 spem
991 2501 1256 2566 remunerationis

300 2599 454 2664 excludit.
500 2599 667 2686 Siquidem
692 2602 731 2662 ad
757 2602 999 2665 retributionem
1024 2602 1111 2677 dare,
1135 2625 1152 2663 a
1176 2601 1254 2663 liba-

299 2700 426 2764 ralitate
437 2701 574 2764 alienum
587 2715 644 2774 est,
662 2715 693 2765 et
709 2716 956 2764 cousentaneum
973 2702 1125 2765 avaritiae.
1173 2701 1254 2763 Nam

299 2802 470 2867 t‘oeuerator
487 2818 520 2866 ut
539 2803 611 2885 plus
634 2801 776 2887 recipiat,
800 2801 962 2864 interdum
983 2800 1105 2887 aliquid
1130 2800 1256 2885 praelar-

299 2904 398 2990 gitur.
445 2905 541 2969 Unde
558 2928 701 2991 coquus:

407 3019 519 3073 Munera
530 3022 598 3090 quod
611 3021 724 3085 senibus,
735 3020 881 3086 viduisque,
894 3020 1012 3085 iugentia
1022 3019 1114 3080 mittis,

445 3106 493 3158 vu
505 3113 532 3158 te
545 3105 694 3158 munificum
708 3105 863 3172 Gargiliune
876 3122 974 3156 vocem.

410 3193 544 3246 Sordidius
556 3193 621 3244 nibil
635 3199 684 3256 eat,
696 3193 761 3244 nihil
775 3199 815 3244 est
827 3199 853 3243 te
866 3192 982 3263 spurcius
995 3210 1054 3255 uno,

446 3281 496 3344 Qui
509 3286 582 3350 potas
594 3280 703 3330 insidias
715 3279 782 3330 dona
795 3284 962 3330 vocaremus.

408 3365 451 3417 Sic
463 3365 547 3416 aridis
559 3362 642 3416 fallax
654 3363 775 3430 indulget
786 3363 901 3434 piscibus
913 3362 1014 3424 bamus,

443 3449 548 3501 Callida
560 3451 596 3500 sic
609 3449 704 3501 stultas
715 3450 812 3520 decipit
825 3466 884 3500 esca
898 3447 976 3499 feras.

408 3534 480 3595 Quid
492 3535 528 3585 sit
538 3534 637 3601 largiri,
649 3533 710 3602 quid
724 3535 758 3586 sit
770 3535 866 3586 donare
878 3532 984 3594 docebo,

444 3619 472 3670 Si
485 3620 578 3682 nescis,
591 3619 658 3670 dona
672 3619 823 3685 Gargiliane
836 3618 910 3669 mibi.

302 3722 360 3788 vis
375 3721 533 3785 bominem
552 3720 659 3784 videre
681 3722 863 3786 liberalem?
888 3724 944 3785 Via
961 3740 1067 3782 veram
1086 3734 1116 3783 et
1134 3721 1259 3784 fructu·

301 3848 391 3888 osam
408 3823 587 3909 largitatem
607 3824 744 3887 audire?
769 3823 909 3888 Deflecte
930 3823 1041 3887 oculos
1057 3821 1097 3884 ad
1113 3846 1186 3885 eum
1204 3822 1256 3907 qui

303 3925 467 3990 vermibus
477 3926 962 4012 scatens,jacetiusterquiliuio,
972 3937 1003 3987 et
1016 3937 1096 3987 testa
1107 3922 1259 3987 fluentem

303 4027 344 4092 de
370 4048 502 4112 corpore
525 4030 644 4089 saniem
675 4027 770 4091 radit.
817 4027 902 4091 Audi
926 4026 1006 4112 quid
1038 4025 1190 4109 loquatur
1214 4024 1261 4086 vir

298 4131 421 4214 justus,
432 4132 547 4193 timens
564 4126 683 4205 Deum,
696 4142 727 4191 et
745 4127 891 4191 recedens
903 4150 920 4189 a
933 4127 1034 4189 malo:
1061 4129 1133 4188 Non
1149 4123 1260 4207 utique

307 4230 401 4308 dicit,
423 4229 557 4303 cithara,
574 4245 605 4293 et
627 4228 706 4313 lyra,
730 4242 759 4291 et
783 4228 981 4311 psalterium,
997 4240 1028 4289 et
1045 4223 1205 4295 sambuca,
1229 4235 1261 4285 et

304 4351 397 4395 omne
413 4352 513 4415 genus
525 4327 716 4392 musicorum
734 4326 766 4389 iu
778 4324 932 4388 conviviis
949 4324 1035 4385 meis.
1084 4318 1155 4382 Non
1171 4319 1260 4398 dicit,
