<?xml version="1.0" encoding="UTF-8"?>
<!DOCTYPE html PUBLIC "-//W3C//DTD XHTML 1.0 Transitional//EN"
    "http://www.w3.org/TR/xhtml1/DTD/xhtml1-transitional.dtd">
<html xmlns="http://www.w3.org/1999/xhtml" xml:lang="en" lang="en">
 <head>
  <title>
</title>
<meta http-equiv="Content-Type" content="text/html;charset=utf-8" />
  <meta name='ocr-system' content='tesseract 3.04.00' />
  <meta name='ocr-capabilities' content='ocr_page ocr_carea ocr_par ocr_line ocrx_word'/>
</head>
<body>
  <div class='ocr_page' id='page_1' title='image "./joannissaresber17johngoog_0022.png"; bbox 0 0 3550 5467; ppageno 0'>
   <div class='ocr_carea' id='block_1_1' title="bbox 534 696 1483 776">
    <p class='ocr_par' dir='ltr' id='par_1_1' title="bbox 534 696 1483 776">
     <span class='ocr_line' id='line_1_1' title="bbox 534 696 1483 776; baseline 0.004 -20"><span class='ocrx_word' id='word_1_1' title='bbox 534 696 572 757; x_wconf 76' lang='lat' dir='ltr'>te</span> <span class='ocrx_word' id='word_1_2' title='bbox 794 714 932 758; x_wconf 69' lang='lat' dir='ltr'>ioannis</span> <span class='ocrx_word' id='word_1_3' title='bbox 948 714 1219 759; x_wconf 74' lang='lat' dir='ltr'>snnrsuanurxsrs</span> <span class='ocrx_word' id='word_1_4' title='bbox 1338 697 1420 776; x_wconf 75' lang='lat' dir='ltr'>[tra.</span> <span class='ocrx_word' id='word_1_5' title='bbox 1437 716 1483 760; x_wconf 86' lang='lat' dir='ltr'>vr.</span> 
     </span>
    </p>
   </div>
   <div class='ocr_carea' id='block_1_2' title="bbox 521 863 1484 2466">
    <p class='ocr_par' dir='ltr' id='par_1_2' title="bbox 521 863 1484 2466">
     <span class='ocr_line' id='line_1_2' title="bbox 528 863 1484 951; baseline 0.006 -27"><span class='ocrx_word' id='word_1_6' title='bbox 528 863 604 926; x_wconf 88' lang='lat' dir='ltr'>filiis</span> <span class='ocrx_word' id='word_1_7' title='bbox 618 865 693 927; x_wconf 88' lang='lat' dir='ltr'>suis.</span> <span class='ocrx_word' id='word_1_8' title='bbox 737 865 772 929; x_wconf 89' lang='lat' dir='ltr'>Si</span> <span class='ocrx_word' id='word_1_9' title='bbox 788 866 896 929; x_wconf 85' lang='lat' dir='ltr'>hastas</span> <span class='ocrx_word' id='word_1_10' title='bbox 910 867 1041 951; x_wconf 86' lang='lat' dir='ltr'><strong>aliquot,</strong></span> <span class='ocrx_word' id='word_1_11' title='bbox 1052 889 1133 951; x_wconf 87' lang='lat' dir='ltr'>quas</span> <span class='ocrx_word' id='word_1_12' title='bbox 1148 866 1188 930; x_wconf 89' lang='lat' dir='ltr'>ad</span> <span class='ocrx_word' id='word_1_13' title='bbox 1203 866 1334 930; x_wconf 93' lang='lat' dir='ltr'>modum</span> <span class='ocrx_word' id='word_1_14' title='bbox 1351 868 1484 932; x_wconf 86' lang='lat' dir='ltr'>canabis</span> 
     </span>
     <span class='ocr_line' id='line_1_3' title="bbox 530 964 1484 1052; baseline 0.005 -27"><span class='ocrx_word' id='word_1_15' title='bbox 530 964 666 1046; x_wconf 79' lang='lat' dir='ltr'>fragiles,</span> <span class='ocrx_word' id='word_1_16' title='bbox 688 966 825 1048; x_wconf 86' lang='lat' dir='ltr'>diligens</span> <span class='ocrx_word' id='word_1_17' title='bbox 845 969 959 1031; x_wconf 90' lang='lat' dir='ltr'>inertia</span> <span class='ocrx_word' id='word_1_18' title='bbox 978 970 1171 1052; x_wconf 81' lang='lat' dir='ltr'>procuravit,</span> <span class='ocrx_word' id='word_1_19' title='bbox 1194 971 1265 1052; x_wconf 89' lang='lat' dir='ltr'>quis</span> <span class='ocrx_word' id='word_1_20' title='bbox 1291 970 1433 1051; x_wconf 83' lang='lat' dir='ltr'>fregerit,</span> <span class='ocrx_word' id='word_1_21' title='bbox 1456 969 1484 1032; x_wconf 86' lang='lat' dir='ltr'>si</span> 
     </span>
     <span class='ocr_line' id='line_1_4' title="bbox 528 1069 1483 1154; baseline 0.006 -27"><span class='ocrx_word' id='word_1_22' title='bbox 528 1086 650 1146; x_wconf 90' lang='lat' dir='ltr'>aurum,</span> <span class='ocrx_word' id='word_1_23' title='bbox 660 1069 807 1147; x_wconf 91' lang='lat' dir='ltr'>minium,</span> <span class='ocrx_word' id='word_1_24' title='bbox 819 1070 946 1132; x_wconf 79' lang='lat' dir='ltr'>colorve</span> <span class='ocrx_word' id='word_1_25' title='bbox 962 1071 1054 1146; x_wconf 63' lang='lat' dir='ltr'>aliua</span> <span class='ocrx_word' id='word_1_26' title='bbox 1067 1092 1260 1154; x_wconf 90' lang='lat' dir='ltr'>quocunque</span> <span class='ocrx_word' id='word_1_27' title='bbox 1275 1072 1353 1147; x_wconf 93' lang='lat' dir='ltr'>ictu,</span> <span class='ocrx_word' id='word_1_28' title='bbox 1365 1092 1483 1133; x_wconf 81' lang='lat' dir='ltr'>casuve</span> 
     </span>
     <span class='ocr_line' id='line_1_5' title="bbox 528 1170 1483 1252; baseline 0.004 -22"><span class='ocrx_word' id='word_1_29' title='bbox 528 1171 676 1252; x_wconf 89' lang='lat' dir='ltr'>aclypeo</span> <span class='ocrx_word' id='word_1_30' title='bbox 698 1170 831 1248; x_wconf 81' lang='lat' dir='ltr'>excidit,</span> <span class='ocrx_word' id='word_1_31' title='bbox 852 1172 914 1234; x_wconf 91' lang='lat' dir='ltr'>hoc</span> <span class='ocrx_word' id='word_1_32' title='bbox 935 1173 1060 1252; x_wconf 86' lang='lat' dir='ltr'>garrula</span> <span class='ocrx_word' id='word_1_33' title='bbox 1081 1174 1202 1252; x_wconf 88' lang='lat' dir='ltr'>lingua,</span> <span class='ocrx_word' id='word_1_34' title='bbox 1218 1174 1245 1235; x_wconf 87' lang='lat' dir='ltr'>si</span> <span class='ocrx_word' id='word_1_35' title='bbox 1263 1174 1401 1247; x_wconf 87' lang='lat' dir='ltr'>licuerit,</span> <span class='ocrx_word' id='word_1_36' title='bbox 1417 1195 1483 1234; x_wconf 90' lang='lat' dir='ltr'>me·</span> 
     </span>
     <span class='ocr_line' id='line_1_6' title="bbox 527 1270 1482 1356; baseline 0.007 -26"><span class='ocrx_word' id='word_1_37' title='bbox 527 1270 658 1332; x_wconf 89' lang='lat' dir='ltr'>moriale</span> <span class='ocrx_word' id='word_1_38' title='bbox 688 1273 807 1334; x_wconf 91' lang='lat' dir='ltr'>facient</span> <span class='ocrx_word' id='word_1_39' title='bbox 841 1273 874 1335; x_wconf 93' lang='lat' dir='ltr'>in</span> <span class='ocrx_word' id='word_1_40' title='bbox 906 1274 1059 1335; x_wconf 86' lang='lat' dir='ltr'>saeculum</span> <span class='ocrx_word' id='word_1_41' title='bbox 1091 1275 1211 1335; x_wconf 85' lang='lat' dir='ltr'>saeculi.</span> <span class='ocrx_word' id='word_1_42' title='bbox 1272 1275 1329 1336; x_wconf 93' lang='lat' dir='ltr'>Isti</span> <span class='ocrx_word' id='word_1_43' title='bbox 1360 1274 1482 1356; x_wconf 89' lang='lat' dir='ltr'>primos</span> 
     </span>
     <span class='ocr_line' id='line_1_7' title="bbox 527 1372 1484 1456; baseline 0.004 -25"><span class='ocrx_word' id='word_1_44' title='bbox 527 1372 689 1434; x_wconf 90' lang='lat' dir='ltr'>recubitus</span> <span class='ocrx_word' id='word_1_45' title='bbox 700 1373 820 1435; x_wconf 89' lang='lat' dir='ltr'>habent</span> <span class='ocrx_word' id='word_1_46' title='bbox 831 1373 862 1435; x_wconf 91' lang='lat' dir='ltr'>in</span> <span class='ocrx_word' id='word_1_47' title='bbox 880 1375 992 1451; x_wconf 88' lang='lat' dir='ltr'>coenis,</span> <span class='ocrx_word' id='word_1_48' title='bbox 1004 1386 1035 1436; x_wconf 88' lang='lat' dir='ltr'>et</span> <span class='ocrx_word' id='word_1_49' title='bbox 1051 1373 1205 1456; x_wconf 91' lang='lat' dir='ltr'>quicquid</span> <span class='ocrx_word' id='word_1_50' title='bbox 1218 1375 1363 1436; x_wconf 83' lang='lat' dir='ltr'>Ronatus</span> <span class='ocrx_word' id='word_1_51' title='bbox 1374 1385 1484 1436; x_wconf 88' lang='lat' dir='ltr'>noster</span> 
     </span>
     <span class='ocr_line' id='line_1_8' title="bbox 526 1468 1482 1558; baseline 0.007 -28"><span class='ocrx_word' id='word_1_52' title='bbox 526 1468 567 1532; x_wconf 89' lang='lat' dir='ltr'>de</span> <span class='ocrx_word' id='word_1_53' title='bbox 590 1493 622 1533; x_wconf 90' lang='lat' dir='ltr'>re</span> <span class='ocrx_word' id='word_1_54' title='bbox 645 1474 771 1535; x_wconf 88' lang='lat' dir='ltr'>militari</span> <span class='ocrx_word' id='word_1_55' title='bbox 803 1474 980 1549; x_wconf 85' lang='lat' dir='ltr'>tradiderit,</span> <span class='ocrx_word' id='word_1_56' title='bbox 1003 1475 1181 1557; x_wconf 86' lang='lat' dir='ltr'>epulantur,</span> <span class='ocrx_word' id='word_1_57' title='bbox 1204 1476 1232 1536; x_wconf 88' lang='lat' dir='ltr'>si</span> <span class='ocrx_word' id='word_1_58' title='bbox 1261 1475 1388 1537; x_wconf 88' lang='lat' dir='ltr'>fortuna</span> <span class='ocrx_word' id='word_1_59' title='bbox 1410 1496 1482 1558; x_wconf 89' lang='lat' dir='ltr'>pcr-</span> 
     </span>
     <span class='ocr_line' id='line_1_9' title="bbox 525 1574 1482 1660; baseline 0.003 -25"><span class='ocrx_word' id='word_1_60' title='bbox 525 1574 635 1653; x_wconf 89' lang='lat' dir='ltr'>mittit,</span> <span class='ocrx_word' id='word_1_61' title='bbox 663 1577 810 1658; x_wconf 89' lang='lat' dir='ltr'>quotidie</span> <span class='ocrx_word' id='word_1_62' title='bbox 839 1577 1020 1660; x_wconf 78' lang='lat' dir='ltr'>splendide,</span> <span class='ocrx_word' id='word_1_63' title='bbox 1050 1599 1242 1659; x_wconf 88' lang='lat' dir='ltr'>omnemque</span> <span class='ocrx_word' id='word_1_64' title='bbox 1275 1577 1417 1638; x_wconf 89' lang='lat' dir='ltr'>laborem</span> <span class='ocrx_word' id='word_1_65' title='bbox 1448 1586 1482 1638; x_wconf 90' lang='lat' dir='ltr'>et</span> 
     </span>
     <span class='ocr_line' id='line_1_10' title="bbox 524 1677 1480 1764; baseline 0 -26"><span class='ocrx_word' id='word_1_66' title='bbox 524 1679 797 1758; x_wconf 87' lang='lat' dir='ltr'>exercitationem,</span> <span class='ocrx_word' id='word_1_67' title='bbox 813 1703 907 1764; x_wconf 88' lang='lat' dir='ltr'>quem</span> <span class='ocrx_word' id='word_1_68' title='bbox 929 1703 993 1742; x_wconf 91' lang='lat' dir='ltr'>non</span> <span class='ocrx_word' id='word_1_69' title='bbox 1015 1679 1212 1742; x_wconf 84' lang='lat' dir='ltr'>invincibilis</span> <span class='ocrx_word' id='word_1_70' title='bbox 1235 1678 1411 1740; x_wconf 85' lang='lat' dir='ltr'>necessitas</span> <span class='ocrx_word' id='word_1_71' title='bbox 1430 1677 1480 1739; x_wconf 92' lang='lat' dir='ltr'>in·</span> 
     </span>
     <span class='ocr_line' id='line_1_11' title="bbox 525 1776 1481 1863; baseline 0.001 -25"><span class='ocrx_word' id='word_1_72' title='bbox 525 1779 615 1859; x_wconf 84' lang='lat' dir='ltr'>gerit,</span> <span class='ocrx_word' id='word_1_73' title='bbox 632 1800 711 1842; x_wconf 90' lang='lat' dir='ltr'>cane</span> <span class='ocrx_word' id='word_1_74' title='bbox 727 1794 759 1842; x_wconf 89' lang='lat' dir='ltr'>et</span> <span class='ocrx_word' id='word_1_75' title='bbox 774 1802 879 1862; x_wconf 89' lang='lat' dir='ltr'>angue</span> <span class='ocrx_word' id='word_1_76' title='bbox 896 1779 1034 1843; x_wconf 90' lang='lat' dir='ltr'>deterius</span> <span class='ocrx_word' id='word_1_77' title='bbox 1049 1780 1186 1860; x_wconf 89' lang='lat' dir='ltr'>fugiunt,</span> <span class='ocrx_word' id='word_1_78' title='bbox 1203 1792 1234 1842; x_wconf 88' lang='lat' dir='ltr'>et</span> <span class='ocrx_word' id='word_1_79' title='bbox 1249 1777 1406 1863; x_wconf 87' lang='lat' dir='ltr'>quicquid</span> <span class='ocrx_word' id='word_1_80' title='bbox 1422 1776 1481 1840; x_wconf 91' lang='lat' dir='ltr'>im·</span> 
     </span>
     <span class='ocr_line' id='line_1_12' title="bbox 525 1877 1479 1964; baseline 0.001 -25"><span class='ocrx_word' id='word_1_81' title='bbox 525 1878 625 1940; x_wconf 84' lang='lat' dir='ltr'>minet</span> <span class='ocrx_word' id='word_1_82' title='bbox 654 1880 859 1957; x_wconf 76' lang='lat' dir='ltr'>difficultatiS,</span> <span class='ocrx_word' id='word_1_83' title='bbox 881 1881 1030 1964; x_wconf 87' lang='lat' dir='ltr'>rejiciunt</span> <span class='ocrx_word' id='word_1_84' title='bbox 1060 1881 1092 1942; x_wconf 93' lang='lat' dir='ltr'>in</span> <span class='ocrx_word' id='word_1_85' title='bbox 1123 1879 1297 1963; x_wconf 89' lang='lat' dir='ltr'>subjectos.</span> <span class='ocrx_word' id='word_1_86' title='bbox 1344 1877 1479 1940; x_wconf 86' lang='lat' dir='ltr'>Interim</span> 
     </span>
     <span class='ocr_line' id='line_1_13' title="bbox 524 1978 1480 2061; baseline 0.001 -21"><span class='ocrx_word' id='word_1_87' title='bbox 524 1979 655 2061; x_wconf 88' lang='lat' dir='ltr'>clypeos</span> <span class='ocrx_word' id='word_1_88' title='bbox 669 1981 714 2041; x_wconf 91' lang='lat' dir='ltr'>sic</span> <span class='ocrx_word' id='word_1_89' title='bbox 730 1981 888 2056; x_wconf 89' lang='lat' dir='ltr'>inaurant,</span> <span class='ocrx_word' id='word_1_90' title='bbox 905 1982 950 2043; x_wconf 88' lang='lat' dir='ltr'>sic</span> <span class='ocrx_word' id='word_1_91' title='bbox 975 1990 1131 2043; x_wconf 88' lang='lat' dir='ltr'>exornant</span> <span class='ocrx_word' id='word_1_92' title='bbox 1148 1978 1254 2040; x_wconf 89' lang='lat' dir='ltr'>omnia</span> <span class='ocrx_word' id='word_1_93' title='bbox 1268 1979 1480 2041; x_wconf 86' lang='lat' dir='ltr'>iustrumenta</span> 
     </span>
     <span class='ocr_line' id='line_1_14' title="bbox 524 2080 1478 2165; baseline -0.001 -23"><span class='ocrx_word' id='word_1_94' title='bbox 524 2090 709 2155; x_wconf 90' lang='lat' dir='ltr'>castrorum,</span> <span class='ocrx_word' id='word_1_95' title='bbox 733 2092 768 2144; x_wconf 90' lang='lat' dir='ltr'>ut</span> <span class='ocrx_word' id='word_1_96' title='bbox 796 2084 972 2165; x_wconf 87' lang='lat' dir='ltr'>quemlibet</span> <span class='ocrx_word' id='word_1_97' title='bbox 1000 2104 1110 2145; x_wconf 88' lang='lat' dir='ltr'>corum</span> <span class='ocrx_word' id='word_1_98' title='bbox 1133 2103 1197 2143; x_wconf 93' lang='lat' dir='ltr'>non</span> <span class='ocrx_word' id='word_1_99' title='bbox 1228 2092 1292 2142; x_wconf 88' lang='lat' dir='ltr'>tarn</span> <span class='ocrx_word' id='word_1_100' title='bbox 1322 2080 1478 2142; x_wconf 88' lang='lat' dir='ltr'>cultorem</span> 
     </span>
     <span class='ocr_line' id='line_1_15' title="bbox 523 2183 1480 2265; baseline 0.002 -23"><span class='ocrx_word' id='word_1_101' title='bbox 523 2201 618 2263; x_wconf 91' lang='lat' dir='ltr'>quam</span> <span class='ocrx_word' id='word_1_102' title='bbox 642 2183 810 2264; x_wconf 77' lang='lat' dir='ltr'>praesidem</span> <span class='ocrx_word' id='word_1_103' title='bbox 833 2186 948 2249; x_wconf 87' lang='lat' dir='ltr'>Martis</span> <span class='ocrx_word' id='word_1_104' title='bbox 970 2184 1092 2248; x_wconf 71' lang='lat' dir='ltr'>credas</span> <span class='ocrx_word' id='word_1_105' title='bbox 1138 2183 1239 2265; x_wconf 89' lang='lat' dir='ltr'>Cujus</span> <span class='ocrx_word' id='word_1_106' title='bbox 1265 2183 1398 2245; x_wconf 90' lang='lat' dir='ltr'>istorum</span> <span class='ocrx_word' id='word_1_107' title='bbox 1423 2193 1480 2244; x_wconf 92' lang='lat' dir='ltr'>aut</span> 
     </span>
     <span class='ocr_line' id='line_1_16' title="bbox 523 2282 1477 2370; baseline 0.005 -27"><span class='ocrx_word' id='word_1_108' title='bbox 523 2282 658 2364; x_wconf 88' lang='lat' dir='ltr'>clypeus</span> <span class='ocrx_word' id='word_1_109' title='bbox 674 2284 858 2350; x_wconf 84' lang='lat' dir='ltr'>detrahatur</span> <span class='ocrx_word' id='word_1_110' title='bbox 872 2298 928 2350; x_wconf 89' lang='lat' dir='ltr'>aut</span> <span class='ocrx_word' id='word_1_111' title='bbox 948 2289 1050 2368; x_wconf 87' lang='lat' dir='ltr'>galea,</span> <span class='ocrx_word' id='word_1_112' title='bbox 1066 2289 1168 2370; x_wconf 88' lang='lat' dir='ltr'>spolia</span> <span class='ocrx_word' id='word_1_113' title='bbox 1184 2286 1252 2369; x_wconf 88' lang='lat' dir='ltr'>ejus</span> <span class='ocrx_word' id='word_1_114' title='bbox 1267 2286 1373 2369; x_wconf 91' lang='lat' dir='ltr'>ipsum</span> <span class='ocrx_word' id='word_1_115' title='bbox 1390 2286 1477 2349; x_wconf 88' lang='lat' dir='ltr'>Mar·</span> 
     </span>
     <span class='ocr_line' id='line_1_17' title="bbox 521 2390 927 2466; baseline 0.017 -22"><span class='ocrx_word' id='word_1_116' title='bbox 521 2391 584 2445; x_wconf 88' lang='lat' dir='ltr'>tem</span> <span class='ocrx_word' id='word_1_117' title='bbox 601 2394 750 2466; x_wconf 87' lang='lat' dir='ltr'>poterunt</span> <span class='ocrx_word' id='word_1_118' title='bbox 763 2390 927 2454; x_wconf 87' lang='lat' dir='ltr'>honorare.</span> 
     </span>
    </p>
   </div>
   <div class='ocr_carea' id='block_1_3' title="bbox 521 2671 1475 3061">
    <p class='ocr_par' dir='ltr' id='par_1_3' title="bbox 521 2671 1475 3061">
     <span class='ocr_line' id='line_1_18' title="bbox 521 2671 1473 2757; baseline 0.003 -23"><span class='ocrx_word' id='word_1_119' title='bbox 521 2671 601 2757; x_wconf 86' lang='lat' dir='ltr'>Cap.</span> <span class='ocrx_word' id='word_1_120' title='bbox 625 2679 656 2735; x_wconf 81' lang='grc'>4.</span> <span class='ocrx_word' id='word_1_121' title='bbox 695 2673 843 2741; x_wconf 83' lang='lat' dir='ltr'>Quorum</span> <span class='ocrx_word' id='word_1_122' title='bbox 875 2697 983 2739; x_wconf 86' lang='lat' dir='ltr'>rerum</span> <span class='ocrx_word' id='word_1_123' title='bbox 1013 2676 1185 2738; x_wconf 80' lang='lat' dir='ltr'>scientiam</span> <span class='ocrx_word' id='word_1_124' title='bbox 1213 2683 1246 2736; x_wconf 88' lang='lat' dir='ltr'>et</span> <span class='ocrx_word' id='word_1_125' title='bbox 1275 2676 1473 2737; x_wconf 75' lang='lat' dir='ltr'>exercitium</span> 
     </span>
     <span class='ocr_line' id='line_1_19' title="bbox 562 2776 1473 2860; baseline 0.003 -24"><span class='ocrx_word' id='word_1_126' title='bbox 562 2783 708 2853; x_wconf 83' lang='lat' dir='ltr'>oporteat</span> <span class='ocrx_word' id='word_1_127' title='bbox 736 2776 855 2840; x_wconf 79' lang='lat' dir='ltr'>habere</span> <span class='ocrx_word' id='word_1_128' title='bbox 884 2779 1017 2854; x_wconf 80' lang='lat' dir='ltr'>milites,</span> <span class='ocrx_word' id='word_1_129' title='bbox 1039 2786 1070 2838; x_wconf 86' lang='lat' dir='ltr'>et</span> <span class='ocrx_word' id='word_1_130' title='bbox 1101 2776 1188 2860; x_wconf 82' lang='lat' dir='ltr'>quod</span> <span class='ocrx_word' id='word_1_131' title='bbox 1207 2797 1258 2838; x_wconf 83' lang='lat' dir='ltr'>eos</span> <span class='ocrx_word' id='word_1_132' title='bbox 1279 2778 1384 2837; x_wconf 83' lang='lat' dir='ltr'>ociori</span> <span class='ocrx_word' id='word_1_133' title='bbox 1410 2798 1473 2839; x_wconf 82' lang='lat' dir='ltr'>non</span> 
     </span>
     <span class='ocr_line' id='line_1_20' title="bbox 562 2876 1475 2963; baseline 0.003 -28"><span class='ocrx_word' id='word_1_134' title='bbox 562 2876 648 2938; x_wconf 81' lang='lat' dir='ltr'>licet.</span> <span class='ocrx_word' id='word_1_135' title='bbox 692 2879 740 2939; x_wconf 88' lang='lat' dir='ltr'>Et</span> <span class='ocrx_word' id='word_1_136' title='bbox 755 2880 795 2940; x_wconf 87' lang='lat' dir='ltr'>de</span> <span class='ocrx_word' id='word_1_137' title='bbox 812 2881 965 2960; x_wconf 71' lang='lat' dir='ltr'>Auprrsto,</span> <span class='ocrx_word' id='word_1_138' title='bbox 981 2879 1144 2963; x_wconf 81' lang='lat' dir='ltr'>quifilius</span> <span class='ocrx_word' id='word_1_139' title='bbox 1158 2879 1326 2960; x_wconf 77' lang='lat' dir='ltr'>suoasecit</span> <span class='ocrx_word' id='word_1_140' title='bbox 1341 2878 1475 2938; x_wconf 72' lang='lat' dir='ltr'>institui</span> 
     </span>
     <span class='ocr_line' id='line_1_21' title="bbox 561 2979 767 3061; baseline 0.019 -24"><span class='ocrx_word' id='word_1_141' title='bbox 561 2979 595 3038; x_wconf 82' lang='lat' dir='ltr'>in</span> <span class='ocrx_word' id='word_1_142' title='bbox 611 2979 767 3061; x_wconf 79' lang='lat' dir='ltr'>lanificio.</span> 
     </span>
    </p>
   </div>
   <div class='ocr_carea' id='block_1_4' title="bbox 508 3113 1473 4418">
    <p class='ocr_par' dir='ltr' id='par_1_4' title="bbox 508 3113 1473 4418">
     <span class='ocr_line' id='line_1_22' title="bbox 560 3113 1471 3200; baseline 0 -22"><span class='ocrx_word' id='word_1_143' title='bbox 560 3116 719 3178; x_wconf 79' lang='lat' dir='ltr'>Ecaaora</span> <span class='ocrx_word' id='word_1_144' title='bbox 741 3116 873 3200; x_wconf 88' lang='lat' dir='ltr'>quidem</span> <span class='ocrx_word' id='word_1_145' title='bbox 897 3117 1006 3200; x_wconf 91' lang='lat' dir='ltr'>Scipio</span> <span class='ocrx_word' id='word_1_146' title='bbox 1028 3117 1208 3192; x_wconf 81' lang='lat' dir='ltr'>Africanus,</span> <span class='ocrx_word' id='word_1_147' title='bbox 1227 3115 1309 3178; x_wconf 87' lang='lat' dir='ltr'>sicut</span> <span class='ocrx_word' id='word_1_148' title='bbox 1330 3113 1365 3176; x_wconf 93' lang='lat' dir='ltr'>in</span> <span class='ocrx_word' id='word_1_149' title='bbox 1386 3115 1471 3178; x_wconf 88' lang='lat' dir='ltr'>libro</span> 
     </span>
     <span class='ocr_line' id='line_1_23' title="bbox 517 3216 1473 3299; baseline -0.003 -19"><span class='ocrx_word' id='word_1_150' title='bbox 517 3228 776 3299; x_wconf 86' lang='lat' dir='ltr'>stratagematum</span> <span class='ocrx_word' id='word_1_151' title='bbox 799 3221 820 3281; x_wconf 91' lang='lat' dir='ltr'>J</span> <span class='ocrx_word' id='word_1_152' title='bbox 824 3220 907 3281; x_wconf 90' lang='lat' dir='ltr'>ulius</span> <span class='ocrx_word' id='word_1_153' title='bbox 926 3220 1098 3280; x_wconf 91' lang='lat' dir='ltr'>Frontinus</span> <span class='ocrx_word' id='word_1_154' title='bbox 1120 3216 1222 3290; x_wconf 78' lang='lat' dir='ltr'>refert,</span> <span class='ocrx_word' id='word_1_155' title='bbox 1247 3238 1318 3279; x_wconf 88' lang='lat' dir='ltr'>cum</span> <span class='ocrx_word' id='word_1_156' title='bbox 1344 3227 1473 3279; x_wconf 89' lang='lat' dir='ltr'>scutum</span> 
     </span>
     <span class='ocr_line' id='line_1_24' title="bbox 516 3317 1470 3403; baseline -0.002 -23"><span class='ocrx_word' id='word_1_157' title='bbox 516 3318 695 3398; x_wconf 81' lang='lat' dir='ltr'>elegantius</span> <span class='ocrx_word' id='word_1_158' title='bbox 730 3318 899 3403; x_wconf 87' lang='lat' dir='ltr'>cujusdam</span> <span class='ocrx_word' id='word_1_159' title='bbox 929 3318 1062 3380; x_wconf 80' lang='lat' dir='ltr'>vidisset</span> <span class='ocrx_word' id='word_1_160' title='bbox 1096 3330 1252 3392; x_wconf 89' lang='lat' dir='ltr'>ornatum,</span> <span class='ocrx_word' id='word_1_161' title='bbox 1282 3317 1366 3379; x_wconf 82' lang='lat' dir='ltr'>dixit</span> <span class='ocrx_word' id='word_1_162' title='bbox 1402 3338 1470 3379; x_wconf 91' lang='lat' dir='ltr'>non</span> 
     </span>
     <span class='ocr_line' id='line_1_25' title="bbox 515 3415 1468 3499; baseline -0.002 -20"><span class='ocrx_word' id='word_1_163' title='bbox 515 3417 622 3480; x_wconf 87' lang='lat' dir='ltr'>mirari</span> <span class='ocrx_word' id='word_1_164' title='bbox 637 3438 671 3479; x_wconf 88' lang='lat' dir='ltr'>se</span> <span class='ocrx_word' id='word_1_165' title='bbox 687 3415 775 3499; x_wconf 93' lang='lat' dir='ltr'>quod</span> <span class='ocrx_word' id='word_1_166' title='bbox 790 3429 877 3479; x_wconf 89' lang='lat' dir='ltr'>tanta</span> <span class='ocrx_word' id='word_1_167' title='bbox 897 3437 972 3479; x_wconf 90' lang='lat' dir='ltr'>cura</span> <span class='ocrx_word' id='word_1_168' title='bbox 987 3429 1140 3493; x_wconf 87' lang='lat' dir='ltr'>ornasset,</span> <span class='ocrx_word' id='word_1_169' title='bbox 1155 3418 1188 3478; x_wconf 91' lang='lat' dir='ltr'>in</span> <span class='ocrx_word' id='word_1_170' title='bbox 1208 3437 1271 3499; x_wconf 90' lang='lat' dir='ltr'>quo</span> <span class='ocrx_word' id='word_1_171' title='bbox 1293 3417 1368 3498; x_wconf 88' lang='lat' dir='ltr'>plus</span> <span class='ocrx_word' id='word_1_172' title='bbox 1387 3437 1468 3498; x_wconf 87' lang='lat' dir='ltr'>prae·</span> 
     </span>
     <span class='ocr_line' id='line_1_26' title="bbox 516 3515 1471 3600; baseline -0.002 -20"><span class='ocrx_word' id='word_1_173' title='bbox 516 3517 601 3594; x_wconf 88' lang='lat' dir='ltr'>sidii,</span> <span class='ocrx_word' id='word_1_174' title='bbox 623 3538 716 3600; x_wconf 88' lang='lat' dir='ltr'>quam</span> <span class='ocrx_word' id='word_1_175' title='bbox 747 3517 780 3578; x_wconf 90' lang='lat' dir='ltr'>in</span> <span class='ocrx_word' id='word_1_176' title='bbox 804 3515 911 3597; x_wconf 87' lang='lat' dir='ltr'>gladio</span> <span class='ocrx_word' id='word_1_177' title='bbox 934 3516 1074 3580; x_wconf 91' lang='lat' dir='ltr'>haberet.</span> <span class='ocrx_word' id='word_1_178' title='bbox 1120 3515 1185 3579; x_wconf 88' lang='lat' dir='ltr'>Sed</span> <span class='ocrx_word' id='word_1_179' title='bbox 1210 3537 1270 3578; x_wconf 91' lang='lat' dir='ltr'>uec</span> <span class='ocrx_word' id='word_1_180' title='bbox 1294 3515 1409 3578; x_wconf 88' lang='lat' dir='ltr'>fastum</span> <span class='ocrx_word' id='word_1_181' title='bbox 1433 3516 1471 3578; x_wconf 93' lang='lat' dir='ltr'>il·</span> 
     </span>
     <span class='ocr_line' id='line_1_27' title="bbox 514 3616 1470 3702; baseline -0.002 -21"><span class='ocrx_word' id='word_1_182' title='bbox 514 3619 616 3682; x_wconf 91' lang='lat' dir='ltr'>lorum</span> <span class='ocrx_word' id='word_1_183' title='bbox 631 3617 768 3702; x_wconf 87' lang='lat' dir='ltr'>perferre</span> <span class='ocrx_word' id='word_1_184' title='bbox 780 3619 911 3701; x_wconf 88' lang='lat' dir='ltr'>poteris,</span> <span class='ocrx_word' id='word_1_185' title='bbox 923 3619 985 3680; x_wconf 91' lang='lat' dir='ltr'>nisi</span> <span class='ocrx_word' id='word_1_186' title='bbox 1002 3619 1097 3681; x_wconf 91' lang='lat' dir='ltr'>fueris</span> <span class='ocrx_word' id='word_1_187' title='bbox 1106 3618 1270 3702; x_wconf 84' lang='lat' dir='ltr'>patientiae</span> <span class='ocrx_word' id='word_1_188' title='bbox 1282 3616 1470 3698; x_wconf 87' lang='lat' dir='ltr'>grandioris.</span> 
     </span>
     <span class='ocr_line' id='line_1_28' title="bbox 515 3719 1469 3805; baseline -0.002 -21"><span class='ocrx_word' id='word_1_189' title='bbox 515 3723 599 3784; x_wconf 92' lang='lat' dir='ltr'>Nam</span> <span class='ocrx_word' id='word_1_190' title='bbox 624 3733 659 3785; x_wconf 91' lang='lat' dir='ltr'>ut</span> <span class='ocrx_word' id='word_1_191' title='bbox 680 3722 821 3805; x_wconf 84' lang='lat' dir='ltr'>ineptias</span> <span class='ocrx_word' id='word_1_192' title='bbox 842 3742 952 3784; x_wconf 93' lang='lat' dir='ltr'>eorum</span> <span class='ocrx_word' id='word_1_193' title='bbox 974 3744 1040 3783; x_wconf 91' lang='lat' dir='ltr'>non</span> <span class='ocrx_word' id='word_1_194' title='bbox 1062 3721 1176 3798; x_wconf 86' lang='lat' dir='ltr'>rideas,</span> <span class='ocrx_word' id='word_1_195' title='bbox 1200 3721 1289 3782; x_wconf 87' lang='lat' dir='ltr'>nulla</span> <span class='ocrx_word' id='word_1_196' title='bbox 1311 3719 1469 3782; x_wconf 85' lang='lat' dir='ltr'>modestia</span> 
     </span>
     <span class='ocr_line' id='line_1_29' title="bbox 513 3819 1470 3905; baseline -0.004 -21"><span class='ocrx_word' id='word_1_197' title='bbox 513 3823 629 3905; x_wconf 90' lang='lat' dir='ltr'>poterit</span> <span class='ocrx_word' id='word_1_198' title='bbox 656 3824 814 3886; x_wconf 89' lang='lat' dir='ltr'>cohibere.</span> <span class='ocrx_word' id='word_1_199' title='bbox 859 3823 939 3895; x_wconf 86' lang='lat' dir='ltr'>Quis</span> <span class='ocrx_word' id='word_1_200' title='bbox 966 3822 1143 3884; x_wconf 82' lang='lat' dir='ltr'>Octaviano</span> <span class='ocrx_word' id='word_1_201' title='bbox 1170 3822 1316 3899; x_wconf 83' lang='lat' dir='ltr'>Augusto</span> <span class='ocrx_word' id='word_1_202' title='bbox 1345 3819 1470 3882; x_wconf 81' lang='lat' dir='ltr'>felicior</span> 
     </span>
     <span class='ocr_line' id='line_1_30' title="bbox 512 3921 1468 4009; baseline -0.004 -21"><span class='ocrx_word' id='word_1_203' title='bbox 512 3935 568 3988; x_wconf 87' lang='lat' dir='ltr'>aut</span> <span class='ocrx_word' id='word_1_204' title='bbox 582 3923 702 4009; x_wconf 88' lang='lat' dir='ltr'>major?</span> <span class='ocrx_word' id='word_1_205' title='bbox 727 3926 826 3988; x_wconf 85' lang='lat' dir='ltr'>Filios</span> <span class='ocrx_word' id='word_1_206' title='bbox 841 3925 901 3988; x_wconf 89' lang='lat' dir='ltr'>etsi</span> <span class='ocrx_word' id='word_1_207' title='bbox 916 3945 980 3987; x_wconf 92' lang='lat' dir='ltr'>non</span> <span class='ocrx_word' id='word_1_208' title='bbox 997 3924 1152 4005; x_wconf 90' lang='lat' dir='ltr'>genuerit,</span> <span class='ocrx_word' id='word_1_209' title='bbox 1163 3922 1336 4005; x_wconf 83' lang='lat' dir='ltr'>adoptavit,</span> <span class='ocrx_word' id='word_1_210' title='bbox 1348 3921 1468 4004; x_wconf 88' lang='lat' dir='ltr'>quibus</span> 
     </span>
     <span class='ocr_line' id='line_1_31' title="bbox 511 4024 1467 4112; baseline -0.004 -22"><span class='ocrx_word' id='word_1_211' title='bbox 511 4027 573 4090; x_wconf 88' lang='lat' dir='ltr'>etsi</span> <span class='ocrx_word' id='word_1_212' title='bbox 602 4030 748 4091; x_wconf 89' lang='lat' dir='ltr'>sufficere</span> <span class='ocrx_word' id='word_1_213' title='bbox 776 4038 885 4112; x_wconf 82' lang='lat' dir='ltr'>posset</span> <span class='ocrx_word' id='word_1_214' title='bbox 916 4027 1019 4090; x_wconf 88' lang='lat' dir='ltr'>clarus</span> <span class='ocrx_word' id='word_1_215' title='bbox 1041 4026 1171 4107; x_wconf 88' lang='lat' dir='ltr'>sanguis</span> <span class='ocrx_word' id='word_1_216' title='bbox 1201 4024 1242 4087; x_wconf 89' lang='lat' dir='ltr'>ad</span> <span class='ocrx_word' id='word_1_217' title='bbox 1267 4024 1411 4105; x_wconf 87' lang='lat' dir='ltr'>gloriam,</span> <span class='ocrx_word' id='word_1_218' title='bbox 1434 4035 1467 4086; x_wconf 87' lang='lat' dir='ltr'>et</span> 
     </span>
     <span class='ocr_line' id='line_1_32' title="bbox 509 4125 1466 4211; baseline -0.005 -18"><span class='ocrx_word' id='word_1_219' title='bbox 509 4131 596 4193; x_wconf 89' lang='lat' dir='ltr'>bona</span> <span class='ocrx_word' id='word_1_220' title='bbox 618 4130 809 4193; x_wconf 85' lang='lat' dir='ltr'>hereditaria</span> <span class='ocrx_word' id='word_1_221' title='bbox 831 4131 932 4210; x_wconf 88' lang='lat' dir='ltr'>magis</span> <span class='ocrx_word' id='word_1_222' title='bbox 955 4128 996 4192; x_wconf 91' lang='lat' dir='ltr'>ad</span> <span class='ocrx_word' id='word_1_223' title='bbox 1019 4130 1157 4211; x_wconf 87' lang='lat' dir='ltr'>copiam,</span> <span class='ocrx_word' id='word_1_224' title='bbox 1180 4148 1275 4210; x_wconf 90' lang='lat' dir='ltr'>quam</span> <span class='ocrx_word' id='word_1_225' title='bbox 1296 4125 1338 4188; x_wconf 87' lang='lat' dir='ltr'>ad</span> <span class='ocrx_word' id='word_1_226' title='bbox 1359 4147 1466 4203; x_wconf 90' lang='lat' dir='ltr'>usum,</span> 
     </span>
     <span class='ocr_line' id='line_1_33' title="bbox 508 4228 1465 4314; baseline -0.006 -19"><span class='ocrx_word' id='word_1_227' title='bbox 508 4254 547 4295; x_wconf 87' lang='lat' dir='ltr'>ea</span> <span class='ocrx_word' id='word_1_228' title='bbox 562 4244 669 4296; x_wconf 88' lang='lat' dir='ltr'>tamen</span> <span class='ocrx_word' id='word_1_229' title='bbox 690 4232 857 4314; x_wconf 84' lang='lat' dir='ltr'>diligentia</span> <span class='ocrx_word' id='word_1_230' title='bbox 879 4231 1017 4293; x_wconf 90' lang='lat' dir='ltr'>instituti</span> <span class='ocrx_word' id='word_1_231' title='bbox 1040 4242 1126 4307; x_wconf 88' lang='lat' dir='ltr'>sunt,</span> <span class='ocrx_word' id='word_1_232' title='bbox 1141 4251 1179 4293; x_wconf 88' lang='lat' dir='ltr'>ac</span> <span class='ocrx_word' id='word_1_233' title='bbox 1200 4228 1226 4291; x_wconf 90' lang='lat' dir='ltr'>si</span> <span class='ocrx_word' id='word_1_234' title='bbox 1248 4250 1306 4291; x_wconf 89' lang='lat' dir='ltr'>sua</span> <span class='ocrx_word' id='word_1_235' title='bbox 1328 4228 1465 4302; x_wconf 88' lang='lat' dir='ltr'>retineri,</span> 
     </span>
     <span class='ocr_line' id='line_1_34' title="bbox 508 4333 1465 4418; baseline -0.004 -21"><span class='ocrx_word' id='word_1_236' title='bbox 508 4339 556 4399; x_wconf 85' lang='lat' dir='ltr'>rel</span> <span class='ocrx_word' id='word_1_237' title='bbox 580 4339 684 4401; x_wconf 88' lang='lat' dir='ltr'>alicua</span> <span class='ocrx_word' id='word_1_238' title='bbox 705 4335 827 4418; x_wconf 86' lang='lat' dir='ltr'>acquiri</span> <span class='ocrx_word' id='word_1_239' title='bbox 851 4355 1052 4417; x_wconf 87' lang='lat' dir='ltr'>nequaquam</span> <span class='ocrx_word' id='word_1_240' title='bbox 1076 4335 1214 4416; x_wconf 86' lang='lat' dir='ltr'>possint,</span> <span class='ocrx_word' id='word_1_241' title='bbox 1236 4333 1298 4395; x_wconf 89' lang='lat' dir='ltr'>nisi</span> <span class='ocrx_word' id='word_1_242' title='bbox 1323 4354 1382 4415; x_wconf 90' lang='lat' dir='ltr'>por</span> <span class='ocrx_word' id='word_1_243' title='bbox 1405 4333 1465 4394; x_wconf 83' lang='lat' dir='ltr'>vir·</span> 
     </span>
    </p>
   </div>
   <div class='ocr_carea' id='block_1_5' title="bbox 0 0 1780 5467">
    <p class='ocr_par' dir='ltr' id='par_1_5' title="bbox 0 0 1780 5467">
     <span class='ocr_line' id='line_1_35' title="bbox 0 0 1780 5467; baseline 0 9"><span class='ocrx_word' id='word_1_244' title='bbox 0 0 1780 5467; x_wconf 95' lang='lat' dir='ltr'> </span> 
     </span>
    </p>
   </div>
  </div>
 </body>
</html>
