3550 5467
538 732 601 791 876
795 736 931 784 soranis
946 730 1226 780 sanusnsamusrs
1322 708 1402 787 [cm.
1416 726 1482 770 rur.

542 894 621 960 toris
654 902 867 976 conspectum,
897 889 1029 951 AEneam
1060 879 1297 946 admittendum
1331 899 1395 940 esse
1422 899 1482 940 non

541 994 687 1073 credidit,
709 991 766 1055 nisi
789 989 921 1052 docente
944 985 1076 1070 Sibylla,
1097 1007 1171 1069 quae
1192 979 1285 1068 quasi
1306 984 1366 1041 σιοϋ
1388 982 1483 1058 βουλὴ,

542 1094 706 1162 consilium
742 1091 846 1166 Jovis,
882 1087 932 1152 vel
968 1085 1121 1172 sapientia
1155 1084 1216 1148 Dei
1253 1084 1482 1166 interpretatur,

542 1218 663 1260 ramum
702 1194 789 1257 hunc
827 1189 1035 1276 Proserpinae,
1071 1209 1146 1273 quse
1185 1196 1419 1270 proserpentem
1454 1195 1482 1245 et

541 1301 715 1383 erigentem
735 1319 767 1360 se
787 1319 807 1359 a
829 1295 917 1358 vitiis
938 1293 1034 1356 vitam
1057 1288 1172 1366 innuit,
1195 1298 1400 1352 consecraret.
1434 1285 1481 1350 Ait

543 1424 638 1486 ergo:

648 1517 747 1587 Accipe
758 1531 817 1584 quta
828 1511 977 1583 peragenda
988 1511 1072 1581 prius:
1090 1509 1156 1560 latet
1167 1508 1259 1559 arbore
1270 1523 1352 1577 opaca

650 1603 754 1655 Aureus
766 1606 792 1653 et
804 1599 882 1662 foliis,
896 1604 923 1650 et
933 1597 1004 1650 lento
1016 1597 1111 1648 vimine
1122 1612 1217 1659 ramus,

650 1689 665 1738 J
668 1688 745 1739 unoni
756 1683 862 1738 infemoe
874 1684 958 1735 dictus
970 1700 1050 1744 sacer,
1062 1682 1128 1733 hune
1141 1683 1209 1748 tegit
1220 1680 1306 1732 omnis

650 1774 745 1837 Lucus,
758 1778 785 1824 et
795 1771 909 1822 obscuris
920 1767 1043 1820 claudunt
1054 1765 1212 1818 convallibus
1222 1765 1324 1818 umbra.

652 1859 704 1910 Sed
716 1876 767 1910 nou
778 1863 839 1908 ante
851 1856 926 1908 datur
938 1854 1038 1907 telluris
1051 1860 1140 1925 operta
1152 1852 1247 1916 subire,

651 1945 803 1996 Aarieomos
814 1960 893 2010 quam
904 1942 961 2008 quis
974 1940 1088 2010 decerpit
1100 1939 1133 1990 ab
1146 1939 1236 1990 arbore
1248 1936 1337 2000 foetus,

655 2030 714 2081 Hoc
726 2030 775 2081 sibi
786 2028 892 2098 pulchra
904 2045 979 2079 sunm
990 2024 1051 2078 ferri
1066 2026 1221 2096 Proserpina
1233 2041 1327 2076 munus

653 2117 786 2180 lustitni13
803 2116 885 2185 primo
898 2113 996 2176 avulso,
1007 2131 1059 2165 non
1071 2112 1161 2165 deficit
1172 2111 1239 2164 alter

652 2201 765 2264 Aureus,
777 2206 805 2252 et
817 2199 895 2251 simili
907 2199 1048 2252 frondescit
1059 2200 1132 2265 virga
1144 2197 1259 2250 metallo.

547 2301 644 2367 Plane
665 2299 746 2385 quid
768 2321 937 2385 poenarum
958 2302 1056 2363 lateat
1078 2299 1112 2361 in
1135 2298 1276 2377 terrenis,
1296 2298 1345 2361 rel
1365 2297 1444 2383 quid
1463 2298 1495 2361 ia

548 2404 597 2468 his
609 2402 709 2488 possit
722 2400 845 2479 mereri,
857 2400 943 2463 solus
953 2400 1107 2484 agnoscit,
1118 2401 1175 2487 qui
1188 2400 1227 2463 de
1236 2400 1348 2464 arbore
1361 2400 1496 2464 scientim

549 2529 672 2570 ramum
688 2505 781 2568 bonae
796 2503 987 2590 operationis
998 2502 1116 2566 avellit.
1154 2505 1269 2588 quue
1284 2506 1407 2580 avulso,
1421 2502 1498 2567 alter

548 2631 611 2672 uon
634 2607 752 2684 deficit,
775 2605 852 2692 quia
874 2628 939 2689 quo
961 2604 1098 2690 amplius
1120 2618 1317 2684 exercentur,
1338 2626 1376 2669 eo
1398 2607 1498 2690 magis

549 2721 751 2774 succrescunt
773 2722 805 2771 et
828 2707 1000 2792 proficiunt
1021 2706 1159 2770 scientiae
1178 2719 1210 2770 et
1234 2706 1380 2771 virtutes.
1427 2712 1500 2773 Non

551 2826 654 2874 tamen
671 2823 802 2873 eatenus
819 2807 975 2888 Maronis,
989 2822 1044 2872 aut
1059 2809 1202 2892 gentium
1219 2805 1331 2872 insisto
1347 2808 1500 2893 vestigiis,

550 2924 586 2976 ut
600 2909 724 2974 credam
741 2911 922 2994 quempiam
945 2907 983 2970 ad
1007 2908 1167 2972 scientiam
1188 2921 1245 2973 aut
1261 2908 1413 2972 virtutem
1430 2932 1501 2994 pro·

551 3013 631 3097 priis
653 3010 776 3075 arbitrii
800 3010 848 3073 sui
870 3009 991 3073 viribus
1011 3010 1184 3095 pervenire.
1231 3011 1348 3073 Fateor
1365 3012 1502 3094 gratiam

550 3116 584 3179 in
599 3113 710 3178 electis
724 3112 859 3198 operari,
875 3125 907 3176 et
925 3111 1004 3175 velle
1019 3125 1052 3176 et
1072 3114 1233 3197 perficere,
1247 3112 1348 3197 ipsam
1371 3136 1505 3176 veneror

552 3230 704 3300 tanquam
724 3214 818 3288 viam,
839 3214 904 3276 imo
926 3236 1037 3278 revera
1057 3215 1152 3289 viam,
1174 3238 1245 3300 quae
1265 3213 1330 3277 sola
1350 3214 1442 3279 ducit
1463 3216 1505 3279 ad

552 3319 662 3393 vitam,
678 3330 710 3380 et
726 3339 887 3403 quemque
902 3315 976 3378 boni
990 3316 1054 3380 voti
1066 3331 1243 3402 compotem
1259 3317 1347 3380 facit.
1383 3317 1507 3382 Laetea

551 3419 620 3482 haec
629 3431 688 3496 est,
701 3417 887 3482 innocentiae
900 3418 1067 3484 manifesta
1078 3417 1224 3497 candore,
1233 3431 1266 3482 et
1279 3417 1506 3483 alimentorum

551 3519 722 3584 sedulitate
744 3519 876 3583 nutricis
899 3518 1006 3606 explet
1028 3518 1177 3595 officium,
1200 3534 1233 3584 et
1255 3519 1321 3582 sola
1344 3533 1505 3607 praeparat

551 3620 592 3682 ad
609 3621 797 3703 profectum.
844 3622 925 3684 Nam
943 3621 1009 3686 sine
1026 3645 1063 3685 ea
1078 3621 1202 3706 proficit
1218 3622 1335 3685 nullus.
1377 3625 1505 3687 Clamat

552 3723 620 3784 haec
643 3719 674 3781 in
703 3743 775 3781 voce
802 3721 889 3784 tubae
913 3724 1219 3806 praevaricatoribus,
1244 3737 1279 3788 ut
1306 3723 1438 3787 redeant
1464 3724 1505 3786 ad

551 3845 617 3895 cor,
629 3820 736 3903 eisque
749 3818 789 3881 ad
800 3820 945 3884 ardorem
962 3825 1112 3902 scientim,
1123 3839 1228 3888 amoto
1242 3825 1350 3910 gladio
1366 3825 1507 3888 versatili

552 3936 582 3987 et
594 3920 905 3998 flamme0,dueatum
913 3921 943 3984 in
954 3924 1090 4008 patriam
1102 3925 1258 4009 promittit
1270 3938 1301 3987 et
1313 3925 1505 4008 ingressum.

551 4028 630 4090 Plus
644 4023 766 4087 dicam:
791 4021 891 4106 ipsam
907 4024 1051 4087 arborem
1068 4024 1216 4103 scientim,
1227 4039 1258 4088 et
1276 4025 1399 4108 lignum
1418 4027 1502 4102 vita,

553 4126 584 4188 in
611 4149 676 4210 quo
704 4139 778 4190 sunt
806 4148 916 4190 omnes
940 4128 1103 4211 sapientiae
1132 4139 1164 4189 et
1195 4125 1333 4189 scientim
1364 4127 1504 4190 thesauri

551 4227 739 4303 absconditi,
751 4241 782 4291 et
800 4230 831 4290 in
848 4251 913 4312 quo
929 4229 1052 4292 habitat
1069 4228 1236 4314 plenitudo
1247 4227 1425 4293 divinitatis
1436 4250 1503 4292 cor·

550 4326 711 4411 puraliter,
731 4329 883 4404 extraxit,
907 4327 1034 4393 inscissa
1050 4342 1154 4392 tamen
1172 4328 1359 4406 substantia,
1374 4343 1406 4392 et
1432 4351 1505 4413 pro,-
