3550 5467
402 769 467 826 ott-2
660 777 797 822 rosuurs
813 775 1103 822 unssnsateusrs
1200 761 1287 835 [nto.
1301 778 1363 822 cns

411 1020 488 1102 Cap
510 1020 558 1079 ll.
580 1015 634 1078 De
656 1017 807 1077 molestiis
830 1021 862 1076 st
886 1013 1040 1075 oneribus
1063 1015 1366 1095 conjugiorum·

451 1118 596 1181 cundum
617 1117 854 1197 Hieronymum
875 1122 907 1177 el
928 1116 1011 1178 alios
1029 1117 1263 1198 philosophos:
1291 1123 1320 1178 et
1333 1116 1368 1180 da

450 1222 594 1302 pernicia
618 1219 776 1280 lihidinis:
806 1217 845 1281 ds
866 1218 1012 1280 mulieris
1037 1217 1212 1299 Ephesia,
1231 1226 1263 1282 sl
1285 1221 1366 1281 sini·

454 1321 636 1402 lium,fide.

454 1440 558 1503 Slcnr
572 1459 650 1521 ergo
664 1435 818 1499 sobrietas
832 1435 865 1497 in
885 1433 1044 1498 conviviis
1059 1438 1244 1499 necessaria
1256 1448 1314 1513 est,
1325 1434 1364 1498 io

410 1540 508 1604 rebus
522 1538 671 1602 omnihus
686 1559 812 1600 necesse
826 1548 874 1599 est
889 1535 999 1598 adesse
1013 1536 1222 1602 modestiam.
1267 1536 1365 1622 siqui·

409 1642 481 1706 dem
504 1641 546 1704 de
567 1639 733 1703 saturitate
756 1638 866 1716 libido,
885 1637 927 1701 de
948 1637 1086 1701 libidine
1107 1638 1362 1718 immunditieet

412 1744 580 1827 multiplex
603 1740 757 1827 pernicies
777 1754 957 1823 generatur.
1005 1743 1053 1803 At
1076 1763 1117 1804 ex
1143 1741 1196 1804 his
1216 1741 1296 1806 nihil
1310 1742 1364 1804 nii

413 1845 505 1907 dolor
519 1842 726 1929 poenitudinis
745 1844 911 1927 sequitur:
933 1854 966 1903 et
982 1840 1064 1904 bene
1078 1842 1190 1927 agitur
1204 1865 1279 1907 cum
1294 1864 1365 1906 ιω·

414 1946 570 2019 rentibus,
587 1944 612 2007 si
635 1944 800 2007 fructuosa
820 1942 861 2005 sit
883 1940 1063 2025 penitudo.
1112 1943 1211 2008 Unde
1231 1943 1365 2007 hebetati

313 2031 319 2041 .
413 2046 518 2111 cordis
534 2045 661 2108 videtur
682 2042 800 2128 opinio,
825 2066 899 2128 quoe
919 2039 986 2105 sine
1008 2041 1196 2128 expletione
1219 2044 1365 2125 libidinis,

414 2145 529 2209 diffinit
559 2146 731 2230 perfectam
761 2167 825 2208 non
855 2168 923 2209 esse
952 2143 1164 2230 voluptatem.
1215 2147 1366 2212 Traditur

414 2249 473 2310 hoc
495 2246 626 2308 sensisse
650 2247 841 2330 Epicurum.
888 2245 949 2310 Sed
972 2247 1130 2332 quicquid
1154 2250 1266 2334 gregis
1287 2249 1367 2315 illios

417 2347 588 2434 grunniant
617 2370 700 2427 sues,
723 2362 787 2412 tam
813 2349 1022 2423 immundam,
1048 2363 1081 2413 et
1111 2364 1180 2415 tam
1210 2352 1364 2419 funestam

415 2472 536 2524 vocem,
559 2447 640 2513 nulli
668 2448 937 2535 Philosophorum
963 2451 1102 2515 arbitror
1124 2451 1297 2536 placuisse,
1317 2477 1365 2517 ne·

416 2554 492 2616 dum
515 2550 676 2636 Epicur03
700 2554 759 2637 qui
779 2565 888 2616 tantus
903 2553 977 2630 suit,
993 2567 1029 2616 ut
1049 2553 1134 2615 inter
1159 2555 1366 2641 Philosophus

414 2653 575 2738 propriam
592 2652 702 2716 lecerit
722 2667 850 2717 sectam.
898 2655 978 2717 Sunt
994 2655 1076 2739 ejus,
1091 2669 1224 2719 anctore
1240 2658 1365 2732 Seneca

415 2754 543 2840 egregia
558 2752 669 2828 multa,
686 2777 760 2839 quae
776 2757 891 2839 passim
911 2770 1046 2840 possunt
1059 2756 1149 2840 apud
1165 2758 1366 2845 philosophos

415 2855 560 2929 inveniri,
583 2867 615 2918 et
637 2878 697 2940 pro
717 2871 809 2939 parte
831 2877 980 2940 expressa
1002 2869 1087 2930 sunt,
1110 2871 1143 2921 et
1165 2875 1318 2943 congesta
1336 2860 1366 2924 in

417 2956 509 3036 libro,
521 2959 577 3042 qui
595 2955 635 3019 de
645 2952 796 3040 vestigiis,
809 2956 874 3018 sive
889 2955 930 3019 de
945 2955 1096 3041 dogmate
1106 2958 1367 3045 philosophorum

415 3058 610 3120 inscribitur.
655 3055 752 3119 Sileni
774 3057 858 3119 senis
879 3056 1047 3121 inveterati
1072 3059 1203 3124 videtur
1224 3062 1367 3141 amentia,

416 3161 525 3242 potius
544 3180 639 3243 quum
662 3159 819 3221 sententia
841 3156 1033 3242 philosophi,
1049 3170 1082 3221 et
1105 3173 1154 3224 est
1173 3175 1261 3227 certe
1275 3162 1368 3226 asello

415 3260 466 3324 cui
481 3259 637 3324 insidebat
653 3259 790 3334 brutior,
802 3259 854 3322 cui
870 3259 929 3321 hoc
944 3259 1089 3345 nequitia
1103 3264 1213 3347 potuit
1229 3264 1367 3329 suadere.

418 3361 561 3447 ldipsum
592 3361 676 3424 forte
713 3361 851 3425 innuunt
888 3360 1039 3444 figmenta
1075 3364 1261 3447 gentilium,
1297 3389 1368 3453 que

417 3461 554 3525 delirum
577 3484 682 3524 senem
708 3462 781 3525 vino
800 3475 998 3541 estuantem,
1011 3462 1084 3525 aliis
1101 3478 1229 3532 nature
1249 3467 1369 3532 obtem·

417 3561 615 3646 perentibus,
648 3576 681 3625 et
716 3561 825 3645 quiete
860 3563 943 3625 sessa
977 3563 1196 3628 recreantibus
1227 3589 1367 3652 corpora,

417 3660 535 3724 Lotide
549 3683 616 3745 prae
630 3663 754 3724 eaeteris
768 3677 898 3748 captum
915 3663 1070 3740 referunt,
1093 3677 1127 3729 et
1150 3668 1280 3731 tandem
1296 3690 1366 3732 cum

415 3762 556 3826 omniurn
580 3761 734 3838 irrisione,
764 3787 862 3849 quem
895 3788 952 3828 nec
981 3778 1069 3843 retas,
1099 3788 1158 3831 nec
1181 3770 1369 3834 verecundis

416 3863 608 3939 refrenabat,
623 3863 702 3928 asini
718 3866 767 3928 sui
784 3866 894 3931 ruditu
910 3882 1106 3933 revocatum.
1164 3872 1368 3956 Omnisergo
1404 3946 1407 3951 Ι

416 3965 565 4051 voluptas
574 3964 716 4030 libidinis
730 3967 834 4053 turpis
844 3983 903 4042 est,
916 3992 952 4032 es
964 3983 1367 4057 exceptoquaeexcusatur

415 4066 536 4133 t'oedere
550 4068 723 4152 conjugali,
737 4081 770 4132 et
792 4067 927 4133 indultae
952 4069 1086 4133 lieentia·
1101 4071 1268 4151 beneficio,
1283 4074 1368 4160 quic·

415 4170 493 4256 quid
518 4169 746 4234 erubescentiae
767 4183 893 4254 poterat
917 4171 1027 4245 inesse,
1050 4172 1230 4241 abscondit.
1278 4175 1366 4242 Unde

413 4289 446 4338 et
468 4271 590 4357 nuptiae
611 4293 630 4332 a
652 4270 803 4333 nubendo
824 4271 887 4335 dici
905 4274 1039 4357 majores
1063 4275 1279 4357 tradiderunt,
1294 4276 1366 4363 quis

415 4370 563 4457 pudenda
579 4369 727 4433 humane
747 4371 940 4436 infirmitatis
955 4374 1059 4450 nubit,
1076 4374 1107 4439 id
1125 4390 1175 4442 est
1190 4378 1364 4457 abscondit,
