3550 5467
417 741 479 800 116
675 751 810 796 sttrusrs
826 748 1107 795 saansaamuusrs
1214 732 1300 812 [ma.
1316 750 1371 794 vu.

410 905 441 966 in
457 904 503 966 eis
519 901 663 979 ridenda,
681 901 923 979 contemnenda,
943 911 975 962 ct
990 900 1180 964 detestanda
1195 900 1371 964 conscribe-

415 1019 473 1069 ret.
521 1005 626 1080 Quum
643 1027 719 1088 ergo
742 1003 799 1065 viri
816 1002 1000 1080 acutissimi,
1015 1016 1046 1066 ct
1070 1003 1138 1066 sine
1159 1001 1226 1066 ulla
1246 1000 1370 1064 dubita·

416 1104 512 1182 tione,
538 1106 689 1167 Cicerone
708 1116 801 1178 teste,
827 1101 1011 1181 doctissimi,
1037 1101 1225 1186 superstitio
1248 1100 1370 1185 scriptis

417 1205 553 1290 propriis
568 1226 635 1267 eam
652 1203 912 1269 convincentibus
931 1217 1097 1288 arguatur,
1114 1211 1302 1287 constetque
1321 1224 1370 1264 su·

417 1306 635 1392 perstitionem
657 1304 806 1368 salsitatis
829 1305 916 1383 sitio,
940 1306 1150 1389 virtuti,quae
1171 1305 1205 1367 iu
1230 1305 1297 1366 sola
1321 1325 1369 1365 ve-

416 1410 512 1472 ritato
543 1405 697 1482 consistit,
720 1428 787 1469 esse
810 1407 1002 1492 oppositam,
1031 1420 1063 1469 et
1093 1405 1283 1490 sapientiam
1306 1407 1368 1467 sine

416 1508 536 1572 virtute
552 1531 618 1572 esse
635 1527 696 1569 non
709 1527 812 1589 posse,
828 1506 899 1593 quis
914 1529 954 1571 ex
971 1506 1037 1568 sola
1049 1508 1198 1584 lectione,
1214 1505 1275 1569 nisi
1289 1505 1367 1569 adsit

418 1611 521 1692 gratia
544 1607 745 1686 illustratrix,
759 1610 905 1682 creatrix,
924 1606 1180 1693 vivificatrixque
1204 1611 1368 1684 virtutum,

421 1711 528 1775 credat
546 1734 636 1795 posse
651 1707 717 1772 fieri
733 1709 888 1774 hominem
907 1707 1106 1795 sapientem?

419 1883 559 1967 Capio.
580 1882 1125 1965 Omnesacrr'pturnaesselegendoa:
1144 1881 1367 1946 eldebenadic-

461 1986 546 2044 tione
560 2004 631 2063 qum
645 1985 834 2065 primigenis
844 1984 923 2045 duta
938 1991 994 2053 eat,
1011 1982 1230 2065 etfiliisNoe:
1247 1983 1368 2065 ecquod

456 2084 578 2144 rationi
593 2086 769 2145 auctoritas
785 2085 911 2146 nullius
923 2086 1093 2164 perititiam
1105 2084 1313 2165 prejudicat.

461 2199 583 2262 Ounas
596 2215 699 2261 tamen
713 2200 886 2284 scripturas
900 2199 1048 2284 legendas
1059 2222 1126 2263 esse
1135 2200 1304 2286 probabile
1313 2214 1368 2280 cst,

420 2299 478 2362 nisi
496 2298 557 2361 sint
580 2300 762 2384 reprobatae
779 2301 931 2376 lectionis,
947 2324 1046 2387 quum
1067 2302 1173 2365 omnia
1190 2324 1252 2365 non
1275 2304 1367 2367 modo

418 2421 493 2482 quae
509 2395 635 2483 scripta,
653 2399 817 2462 sedetiam
836 2402 1009 2484 quaefacta
1032 2418 1116 2471 sunt,
1133 2402 1174 2466 ad
1199 2403 1366 2467 utilitatem

420 2499 566 2578 hominis,
587 2501 661 2564 licet
684 2498 728 2564 eis
753 2501 908 2566 abutatur
934 2502 1106 2577 interdum,
1130 2503 1280 2568 instituta
1305 2527 1367 2567 cre-

416 2601 545 2667 dantur.
581 2601 662 2664 Nam
673 2614 705 2666 et
716 2602 817 2687 angeli
831 2603 1067 2688 quodammodo
1078 2617 1210 2690 propter
1219 2605 1366 2681 animam,

415 2717 446 2766 ct
464 2701 603 2765 mundus
617 2725 797 2789 corporeus,
813 2703 987 2766 secundum
1003 2705 1208 2768 assertionem
1228 2717 1366 2790 patrum,

416 2804 456 2867 ad
473 2803 611 2889 corporis
627 2825 718 2867 usum
735 2804 902 2868 institutus
917 2819 973 2869 est.
1022 2805 1075 2869 Ab
1097 2805 1188 2868 initio
1203 2806 1365 2870 benedixit

418 2909 507 2969 Deus
530 2906 662 2980 homini,
678 2905 803 2969 dicens:
836 2907 976 2971 Crescite
998 2920 1030 2971 et
1053 2906 1319 2994 multiplicamini,
1334 2922 1364 2972 et

418 3005 537 3092 replete
560 3022 686 3086 terram,
701 3022 733 3072 et
756 3008 904 3093 subjicite
926 3032 1005 3084 eam,
1022 3022 1054 3073 et
1077 3009 1284 3074 dominamini
1306 3010 1364 3096 pia

417 3111 509 3173 cibus
533 3109 638 3182 maris,
654 3124 686 3172 et
702 3109 881 3172 volatilibus
897 3109 979 3185 omli,
995 3124 1027 3174 et
1050 3110 1206 3174 universis
1228 3112 1364 3175 animan·

418 3211 503 3274 tibus
518 3233 592 3296 quae
607 3224 773 3273 moventur
789 3233 884 3296 super
901 3225 1026 3274 terram.
1072 3214 1119 3275 Et
1132 3210 1288 3296 adjiciens
1301 3233 1365 3275 om·

417 3335 486 3375 nem
508 3312 637 3375 herbam
661 3311 842 3377 offerentem
867 3334 983 3386 semen,
1000 3325 1031 3376 et
1055 3310 1203 3377 universa
1226 3312 1312 3398 ligna
1332 3314 1362 3376 io

413 3437 471 3479 usu
488 3436 547 3478 suo
563 3413 646 3489 (nam
662 3434 680 3473 a
694 3413 797 3477 carnis
819 3413 937 3489 edulio,
953 3425 1027 3478 antc
1050 3412 1208 3477 diluvium
1231 3414 1362 3479 credun-

414 3530 466 3578 tur
482 3512 681 3593 abstinuisse)
697 3514 849 3578 concessit
869 3515 914 3577 eis
936 3513 967 3577 in
987 3514 1104 3579 cibum.
1150 3514 1220 3579 Illis
1235 3535 1363 3602 quoque

412 3638 493 3699 quos
519 3636 536 3674 a
564 3625 652 3697 peste
681 3611 795 3677 diluvii
825 3637 910 3690 arca,
937 3614 1172 3700 praefiguratrix
1200 3617 1361 3691 Ecclesiae,

410 3716 609 3790 liberaverat,
622 3713 835 3792 benedixit,et
850 3716 948 3799 legem
961 3716 1062 3793 dedit,
1075 3718 1203 3782 dicens:
1226 3718 1363 3783 Crescite

410 3830 441 3879 ct
453 3814 718 3901 multiplicamini,
731 3829 764 3879 et
776 3815 896 3900 replete
909 3831 1037 3893 terram,
1050 3832 1081 3881 ct
1095 3833 1196 3882 terror
1212 3830 1314 3881 vester
1328 3841 1362 3881 ac

410 3936 529 3982 tremor
545 3918 584 3981 sit
597 3939 691 4000 super
703 3931 816 3981 cuncta
826 3918 973 3983 animalia
991 3934 1094 3999 terrae,
1106 3933 1137 3984 et
1150 3943 1248 4006 super
1258 3943 1363 3985 omnes

407 4021 551 4085 volucres
566 4019 649 4094 coeli,
666 4043 738 4082 curn
757 4019 910 4083 universis
925 4044 999 4106 quae
1026 4038 1194 4087 morentur
1210 4022 1242 4085 in
1259 4039 1359 4087 terra:

406 4146 514 4186 omncs
531 4122 630 4207 pisces
646 4122 742 4183 inuris
758 4122 864 4184 manui
879 4137 991 4186 vestrae
1007 4123 1117 4187 traditi
1129 4138 1260 4203 suaset
1272 4145 1360 4187 omne

408 4226 494 4310 quod
530 4235 675 4286 movetur
697 4236 729 4285 et
753 4222 842 4302 vivit,
864 4225 924 4286 erit
956 4225 1046 4288 vobis
1068 4226 1100 4287 in
1124 4228 1243 4294 cibum.
1267 4224 1359 4304 Quasi

406 4327 490 4390 ol-:ru
524 4324 658 4390 virentia
691 4325 807 4389 tradidi
841 4324 928 4387 vobis
959 4327 1075 4406 omnia,
1106 4343 1242 4415 excepto
1279 4324 1361 4414 quod
