3550 5467
409 764 473 822 220
670 773 806 817 scaurus
820 773 1100 819 saansaaiueusrs
1193 757 1277 837 [cra.
1291 778 1355 823 viu.

411 926 642 1001 Alexandrum,
662 937 693 988 et
717 925 930 1000 Aristotelem,
953 948 974 988 a
995 927 1185 991 numinibus
1207 952 1275 992 esse
1293 952 1356 1014 pro

407 1030 542 1113 genitos,
568 1051 606 1091 eo
631 1029 719 1114 quod
749 1028 780 1090 in
804 1028 953 1092 omnibus
982 1032 1148 1114 propriam
1175 1033 1352 1116 quaerebant

407 1130 550 1214 gloriam.
584 1129 748 1194 Platonem
765 1152 895 1215 quoque
907 1146 1038 1216 propter
1052 1130 1199 1195 divinam
1212 1133 1356 1218 quodam

409 1233 515 1307 modo,
531 1255 597 1317 qua
612 1233 757 1307 eminuit,
774 1230 972 1317 sapientiam,
985 1248 1017 1296 et
1033 1238 1223 1316 Augustum
1238 1252 1357 1322 propter

408 1335 580 1420 potentiam
605 1334 832 1418 fortunamque
852 1334 1071 1420 tranquillam,
1095 1359 1115 1397 a
1137 1335 1211 1398 Diis
1234 1339 1356 1401 traxisse

408 1437 561 1520 originem
579 1435 788 1500 tradiderunt.
828 1441 872 1500 Et
887 1436 1016 1522 quidem
1033 1437 1065 1499 in
1088 1438 1286 1501 contrarium
1302 1461 1356 1502 ree-

410 1540 475 1603 tius
490 1540 701 1621 collegissent,
717 1562 770 1602 eos
785 1553 841 1603 aut
856 1539 957 1603 divini
974 1562 1035 1602 non
1057 1563 1127 1603 esse
1149 1540 1287 1623 generis,
1307 1555 1355 1605 aut

412 1647 552 1707 Deorum
576 1639 659 1705 lilios
679 1666 745 1706 esse
767 1642 950 1726 degeneres,
969 1642 1028 1704 nisi
1052 1643 1133 1726 quia
1154 1642 1200 1706 dii
1223 1642 1356 1727 gentium

410 1743 567 1808 daemonia
582 1758 669 1819 sunt,
679 1757 711 1806 et
727 1742 831 1807 incubi
847 1743 1007 1808 daemones
1023 1742 1175 1807 vanitatis
1189 1756 1224 1806 et
1240 1743 1357 1810 metiris

411 1870 477 1911 suae
492 1862 578 1910 certa
592 1845 718 1924 indicia,
734 1846 868 1931 siquem
885 1858 990 1909 tamen
1011 1844 1165 1928 gignunt,
1181 1845 1358 1932 relinquunt

409 1949 442 2011 in
459 1947 576 2011 sobole.
614 1949 698 2009 Nam
713 1960 744 2009 et
767 1968 859 2009 verus
876 1946 937 2009 Dei
957 1944 1044 2009 lilius
1061 1949 1153 2011 Deus
1174 1947 1283 2025 homo,
1296 1971 1359 2034 pro·

411 2049 510 2135 priam
531 2071 591 2111 non
615 2051 730 2133 quaerit
751 2049 884 2132 gloriam
907 2049 939 2110 in
963 2049 1112 2113 omnibus
1134 2072 1211 2134 quie
1231 2049 1359 2134 gloriose

409 2149 491 2212 fiunt
507 2149 548 2211 ab
563 2171 611 2222 eo,
627 2148 681 2210 sed
699 2148 809 2231 patris,
820 2171 923 2233 eoque
938 2147 1121 2213 illustratur
1135 2150 1243 2235 gratia
1257 2151 1359 2236 ampli-

408 2253 467 2324 ori,
477 2249 566 2335 quod
577 2248 618 2311 ad
628 2272 713 2324 eum,
724 2272 764 2312 ex
775 2271 841 2335 quo
850 2264 924 2313 sunt
935 2250 1051 2322 omnia,
1064 2250 1223 2315 bonorum
1233 2275 1357 2338 operum

409 2353 542 2438 gloriam
559 2352 666 2416 refert.
698 2353 749 2414 Sic
761 2368 794 2415 et
807 2374 880 2415 vere
892 2351 1017 2438 sapiens
1031 2354 1148 2431 omnis,
1159 2376 1234 2416 vere
1245 2370 1359 2440 potens,

410 2471 442 2519 et
458 2478 531 2518 vere
547 2454 661 2529 bonus,
675 2455 715 2517 ad
740 2455 869 2518 unicum
891 2457 1033 2518 omnium
1050 2454 1211 2519 bonorum
1235 2458 1360 2531 fontem,

411 2581 470 2621 aua
492 2558 597 2620 omnia
620 2556 793 2621 laudabilia
819 2557 926 2633 refert,
950 2579 1107 2620 summam
1135 2558 1258 2623 scilicet
1283 2582 1361 2623 crea·

411 2660 533 2735 tricem,
557 2671 589 2722 et
611 2659 808 2722 individuam
834 2657 1018 2723 trinitatem.
1059 2659 1233 2724 Alexandri
1258 2676 1361 2746 metue

412 2763 515 2826 laudis
536 2761 724 2837 insatiabile,
741 2761 795 2847 qui
818 2761 991 2825 Anacharsi
1014 2761 1121 2825 comiti
1143 2785 1213 2838 suo,
1229 2786 1268 2826 ex
1291 2785 1359 2827 auc·

411 2867 539 2929 toritate
553 2868 724 2928 Democriti
740 2865 956 2947 praeceptoris,
968 2863 1218 2928 innumerabiles
1230 2864 1360 2928 mundos

410 2991 477 3029 esse
499 2967 665 3030 referenti:
700 2967 772 3027 Heu
798 2988 857 3038 me,
881 2964 997 3051 inquit,
1019 2964 1181 3040 miserum,
1200 2966 1288 3051 quod
1311 2987 1361 3028 nec

412 3090 476 3130 uno
490 3067 620 3152 quidem
637 3065 742 3128 adhuc
757 3064 880 3148 potitus
895 3063 980 3126 sum!
1004 3061 1103 3125 Plane
1118 3063 1225 3140 miser,
1237 3063 1362 3148 dignus

412 3191 475 3254 que
491 3168 625 3247 miseria,
640 3168 732 3252 cujus
753 3165 887 3228 virtutes
901 3186 1010 3226 omnes
1031 3163 1245 3228 absorbuerat
1266 3163 1363 3227 laudis

411 3271 559 3333 insatiata
574 3282 607 3331 et
628 3265 817 3332 insatiabilis
837 3266 936 3327 fames
954 3286 1028 3327 una.
1068 3265 1234 3328 insultant
1255 3265 1284 3327 ei
1302 3276 1361 3327 tra·

410 3371 526 3455 goediae
541 3371 757 3455 antiquorum,
767 3387 805 3430 eo
819 3366 907 3452 quod
922 3378 1057 3449 angusta
1073 3365 1194 3429 homini
1211 3366 1362 3451 possessio

410 3473 485 3548 l'uit,
507 3494 581 3555 quae
606 3472 746 3533 Deorum
773 3470 915 3533 omnium
942 3465 1103 3531 domicilio
1128 3467 1257 3530 sufficit.
1304 3467 1361 3530 Sed

411 3587 514 3636 tamen
529 3571 598 3634 licet
616 3573 779 3656 appetitus
789 3571 901 3653 gloriae
918 3591 1041 3655 semper
1053 3569 1202 3635 videatur
1217 3567 1363 3654 inculpa,

410 3695 496 3735 error
510 3693 619 3733 eorum
644 3672 850 3757 perniciosior
866 3686 926 3747 est,
942 3672 997 3757 qui
1019 3671 1066 3733 vel
1084 3671 1261 3735 sceleribus
1279 3670 1363 3734 inno-

412 3790 529 3838 tescere
545 3773 650 3855 magni
668 3773 843 3838 duxerunt.
872 3774 1044 3839 Pausanias
1060 3795 1163 3858 quum
1177 3771 1364 3836 Hermoclen

410 3888 633 3960 percunctatus
647 3889 741 3948 esset,
752 3897 891 3960 quonam
908 3875 1003 3938 modo
1017 3875 1125 3938 subito
1140 3873 1248 3937 clarus
1263 3885 1364 3959 posset

409 3977 555 4052 evadere,
577 3993 675 4060 atquc
699 3981 725 4041 is
748 3977 972 4061 respondisset,
992 3977 1019 4040 si
1042 3974 1210 4039 occidisset
1230 3975 1363 4060 aliquem

411 4082 514 4145 virum
531 4079 698 4154 illustrem,
715 4081 862 4143 futurum
884 4080 968 4143 utin
989 4077 1121 4163 gloriam
1138 4081 1209 4162 ejus
1228 4077 1362 4162 idipsum

410 4184 614 4256 redundaret,
630 4182 780 4245 continuo
799 4180 982 4263 Philippum
1000 4178 1171 4251 interemit,
1187 4192 1219 4240 et
1235 4176 1362 4263 quidem

409 4287 497 4370 quod
524 4286 657 4370 petierat
682 4298 845 4346 assecutus
868 4295 925 4343 est.
974 4285 1055 4343 Nam
1081 4294 1113 4341 et
1137 4302 1170 4341 ae
1198 4277 1364 4363 parricidio

411 4402 521 4450 notum
538 4387 670 4470 posteris
690 4384 842 4458 reddidit,
858 4400 891 4447 et
906 4382 1020 4445 celebri
1043 4380 1202 4466 supplicio
1216 4379 1363 4466 patibuli,
