3550 5467
418 746 485 790 cir.
503 728 555 808 11.]
787 744 1040 791 rocrcmricns.
1349 732 1369 789 9

416 896 581 981 Hispanos
596 900 727 983 quidem
747 919 811 961 non
827 906 952 962 tantum
967 918 1108 976 numero,
1125 894 1180 960 sed
1197 907 1229 960 et
1245 897 1381 965 viribus*

415 1000 558 1080 corporis
573 1000 775 1063 manifestum
791 1010 839 1062 est
857 998 1044 1080 praestitisse
1061 985 1226 1061 Romanis.
1271 1000 1364 1064 Afro·

414 1119 483 1160 rum
506 1098 589 1162 dolis
611 1111 708 1184 atque
731 1099 849 1162 divitiis
871 1120 1000 1182 semper
1021 1100 1159 1182 impares
1174 1100 1362 1166 extiterunt.

416 1200 511 1264 Unde
528 1203 680 1266 adversus
700 1201 771 1264 haec
787 1201 906 1277 omnia,
922 1201 1041 1283 profuit
1056 1211 1201 1284 tyronem
1216 1203 1367 1267 solertem

415 1303 543 1385 eligere,
566 1315 599 1367 et
623 1316 658 1367 ut
683 1304 727 1366 ita
753 1301 874 1366 dictum
901 1302 954 1380 ait,
979 1301 1095 1365 docere
1115 1302 1170 1386 jus
1196 1323 1365 1394 armorum,

415 1405 605 1485 quotidiano
621 1405 776 1467 exercitio
791 1404 939 1466 roborare
959 1403 1150 1481 doctrinam,
1164 1425 1366 1489 quaecunque

413 1518 547 1588 possunt
569 1507 602 1568 in
626 1508 695 1570 acie
715 1516 748 1568 et
768 1505 888 1589 praeliis
903 1505 1041 1595 evenire,
1055 1526 1216 1589 praenosse
1232 1507 1368 1581 medita·

414 1607 502 1668 tione
534 1607 718 1689 campestri,
743 1616 776 1667 et
803 1607 837 1667 in
866 1604 995 1667 desides
1025 1606 1176 1668 severitas
1205 1606 1366 1672 vindictae.

414 1706 491 1767 Hoc
507 1717 699 1768 memoratus
714 1712 825 1767 auctor
840 1712 985 1780 testatur,
1001 1713 1033 1764 et
1047 1703 1111 1764 fere
1127 1703 1232 1766 verbis
1247 1704 1366 1768 eisdem

414 1806 572 1890 adjiciens
597 1807 742 1868 inutilem
765 1824 835 1866 esse
857 1803 993 1865 militum
1021 1802 1173 1865 nutritum
1195 1814 1314 1889 tenere,
1335 1817 1367 1870 et

414 1908 539 1970 deliciis
561 1917 731 1981 assuetum,
756 1903 929 1988 praeferens
951 1909 1102 1986 tanquam
1124 1904 1280 1987 aptiorem
1298 1909 1367 1988 ple.

412 2007 484 2068 bem
512 2007 675 2083 rusticam,
696 2025 769 2089 quae
792 2003 851 2065 sub
875 2001 950 2064 divo
972 2013 1004 2064 et
1027 2002 1061 2064 in
1084 2002 1193 2066 labore
1215 2006 1364 2086 nutritur,

412 2106 486 2168 solis
514 2106 651 2188 patiens,
676 2105 843 2186 negligens
869 2103 1002 2180 umbrae,
1024 2104 1211 2167 balneorum
1241 2107 1364 2185 nescia,

411 2207 523 2286 ignara
548 2205 748 2283 deliciarum,
773 2205 930 2288 simplicis
953 2205 1062 2281 animi,
1087 2227 1187 2289 parvo
1213 2218 1363 2274 contenta

410 2307 492 2385 cibo,
514 2306 635 2371 duratis
658 2306 699 2370 ad
721 2328 848 2370 omnem
870 2306 1016 2369 laborum
1039 2307 1239 2370 tolerantiam
1260 2331 1362 2372 mem·

409 2409 483 2472 bris.
529 2410 591 2472 Cui
614 2421 736 2490 gestare
757 2409 884 2480 serrum,
900 2407 1017 2471 fossam
1033 2406 1159 2488 ducere,
1173 2431 1254 2474 onus
1269 2411 1361 2491 ferre,

411 2511 610 2574 consuetudo
626 2511 666 2574 de
682 2532 752 2572 rure
767 2522 825 2573 est.
857 2508 1013 2592 Nunquid
1025 2521 1181 2586 cantores,
1192 2511 1361 2589 aleatores,

408 2623 463 2674 aut
487 2634 639 2695 aucupes,
662 2634 761 2696 quum
782 2632 865 2695 opus
886 2611 990 2686 suerit,
1009 2610 1050 2673 ad
1071 2611 1142 2674 haec
1161 2612 1363 2677 invenientur

408 2713 539 2778 idonei?
584 2716 685 2779 Plane
715 2726 747 2777 et
774 2715 865 2790 istos,
895 2722 927 2776 et
959 2713 1146 2795 piscatores,
1176 2714 1359 2793 dulciarios,

406 2815 564 2880 linteones
586 2828 619 2880 et
638 2837 748 2880 omnes
768 2816 824 2900 qui
846 2814 969 2898 aliquid
992 2826 1145 2878 tractasse
1167 2815 1362 2880 videbuntur

407 2917 448 2980 ad
471 2940 625 3000 gynaecea
646 2919 822 3002 pertinens,
836 2938 856 2979 a
873 2914 1002 2978 militari
1025 2917 1132 2980 officio
1155 2917 1201 2981 sic
1223 2920 1361 3002 repellit,

407 3029 444 3081 ut
459 3020 566 3081 fabros
582 3019 738 3094 ferrarios,
753 3020 896 3100 itemque
910 3017 1073 3096 lignarios,
1088 3039 1250 3081 cervomm
1267 3041 1361 3103 apro·

407 3140 542 3200 rumque
557 3129 736 3193 venatores,
746 3119 779 3180 in
796 3138 890 3179 usum
907 3117 1027 3179 militiae
1042 3128 1172 3180 censeat
1185 3120 1362 3200 eligendos.

409 3219 495 3280 Nam
512 3226 543 3279 et
559 3217 735 3279 Hierobaal
756 3227 791 3279 ut
811 3214 992 3296 figuralium
1014 3216 1164 3298 mysteria
1186 3227 1362 3298 taceantur,

407 3319 540 3381 domino
553 3315 725 3380 mandante
735 3315 915 3400 prohibitus
924 3316 1014 3379 estin
1025 3317 1228 3381 multitudine
1238 3319 1360 3400 timida,

406 3430 438 3482 et
452 3420 662 3483 inexercitata
676 3419 793 3482 babere
804 3417 968 3491 fiduciam,
979 3429 1010 3480 et
1021 3419 1095 3482 illos
1110 3420 1196 3482 solos
1208 3419 1359 3487 adversus

406 3520 602 3585 Madianitas
626 3519 813 3604 producere,
832 3538 914 3602 quos
938 3520 1035 3583 robur
1053 3521 1161 3601 animi,
1181 3532 1214 3584 et
1235 3527 1359 3589 exerci-

408 3623 486 3684 tium
496 3621 638 3705 corporis
648 3621 846 3704 approbaret.
881 3620 988 3692 Quum
998 3641 1073 3700 ergo
1086 3620 1219 3684 Gedeon
1232 3626 1359 3690 cunctis

406 3722 610 3785 audientibus
629 3722 850 3804 proclamaret,
866 3720 920 3803 qni
941 3720 1165 3783 formidolosus
1180 3731 1211 3785 et
1225 3722 1358 3790 timidus

405 3833 454 3887 est
475 3835 656 3898 revertatur,
677 3834 875 3886 recesserunt
898 3843 939 3883 ex
961 3822 1082 3905 populo
1102 3822 1215 3904 viginti
1237 3836 1269 3887 et
1291 3826 1358 3890 duo

405 3926 506 3988 millia
520 3926 667 4002 viromm,
682 3936 716 3987 et
731 3935 854 3987 tantum
875 3924 987 3987 decem
1009 3924 1110 3987 millia
1129 3940 1357 3992 remansemnt.

407 4026 473 4091 Sed
488 4028 528 4089 ab
545 4027 594 4089 bis
611 4025 722 4089 decem
742 4023 884 4087 millibus
899 4023 971 4088 illos
986 4026 1073 4089 solos
1089 4034 1239 4108 tanquam
1255 4049 1356 4110 expe·

405 4129 535 4192 ditiores
557 4129 599 4191 ad
618 4130 705 4192 bella
721 4127 882 4211 judicium
906 4127 1038 4189 Domini
1057 4128 1230 4210 praeelegit,
1245 4129 1299 4210 qui
1322 4128 1355 4188 in

405 4231 457 4293 siti
484 4252 541 4293 sua
563 4231 647 4293 velut
670 4251 767 4293 canes
792 4229 899 4292 festini
927 4229 1114 4301 lamberent,
1137 4248 1234 4288 manu
1257 4225 1297 4287 ad
1321 4247 1357 4287 os

407 4331 592 4415 projiciente
616 4356 726 4417 aquas.
774 4333 836 4394 His
860 4331 990 4408 relictis,
1006 4330 1059 4411 qui
1085 4328 1212 4389 deflexo
1236 4326 1358 4407 poplite
