3550 5467
516 744 558 802 76
771 757 908 802 romnus
923 756 1199 804 sasusssmsusrs
1331 741 1471 821 [aratu

515 910 661 974 Tandem
681 909 855 994 aliquando
872 911 979 993 ipsum
993 911 1093 975 virum
1114 910 1233 975 laudas.
1283 914 1357 977 Hoc
1382 915 1469 977 enim

516 1033 578 1075 nec
600 1033 620 1074 a
640 1022 730 1094 patre
758 1010 983 1075 hereditarium
1012 1023 1151 1090 estnec
1175 1035 1253 1077 casu
1283 1013 1473 1097 pendulum,

516 1132 576 1174 uec
592 1132 612 1173 a
624 1111 775 1192 suffragio
790 1111 1033 1193 adminiculum,
1043 1134 1104 1176 nec
1119 1134 1139 1176 a
1153 1134 1286 1197 corporo
1302 1114 1475 1192 caducum,

516 1234 577 1277 nec
598 1215 640 1276 ab
659 1222 751 1276 aetstc
772 1213 937 1277 mutabile.
984 1215 1066 1278 Haec
1089 1216 1198 1279 omnia
1217 1238 1307 1279 meus
1322 1217 1472 1280 Socrates

516 1314 639 1392 habuit,
667 1323 701 1378 et
728 1313 803 1378 ideo
833 1326 949 1378 caetera
976 1317 1093 1379 habere
1123 1317 1327 1400 contempsit.
1382 1317 1470 1391 Quin

515 1413 614 1496 igitur
629 1425 662 1478 et
676 1425 708 1478 tc
723 1413 765 1477 ad
787 1413 930 1480 studium
945 1415 1111 1499 sapientias
1126 1415 1254 1497 ingeris,
1269 1416 1317 1479 vel
1333 1438 1472 1501 propera

517 1519 641 1594 saltem,
662 1528 699 1581 ut
726 1517 808 1580 nihil
837 1517 979 1581 alienum
1007 1518 1121 1582 audias
1147 1517 1181 1580 in
1209 1516 1358 1582 laudibus
1386 1519 1472 1594 tuis;

516 1617 574 1682 sed
589 1615 707 1703 ut,'qui
723 1628 755 1682 te
770 1619 856 1681 volet
870 1617 1052 1696 nobilitare,
1066 1639 1157 1703 aequs
1171 1616 1291 1695 laudet,
1305 1631 1341 1682 nt
1351 1619 1472 1681 Accius

518 1719 650 1784 Ulixem
665 1718 775 1782 laudat
789 1718 822 1780 in
839 1716 1017 1796 Philoteca,
1026 1719 1128 1801 primo
1145 1718 1290 1801 ejusdem
1304 1717 1471 1802 tragoediae

517 1842 584 1886 suae
598 1819 779 1905 principio:

727 1947 1047 2019 lmllstrmpmdioe
1059 1950 1155 2019 ΜΞ

727 2032 842 2085 Nomine
853 2031 959 2096 celebri,
971 2031 1089 2101 claroque
1100 2039 1194 2104 potens

726 2117 846 2180 Pectore,
858 2116 968 2168 Achivis
978 2115 1104 2169 classibus
1115 2124 1212 2179 suntor,

726 2202 818 2255 Gravis
831 2201 971 2254 Dardaniis
982 2203 1105 2269 gentibus
1116 2201 1193 2266 ultor,

727 2286 876 2339 Laertiade.

516 2410 697 2478 Novissime
712 2420 834 2495 patrem
850 2423 1014 2475 memomt
1054 2412 1212 2476 Caeterum
1228 2437 1341 2478 omnes
1357 2418 1469 2482 laudes

515 2515 585 2601 ojus
614 2513 673 2577 viri
709 2511 853 2576 audistis.
911 2513 1002 2576 Nihil
1032 2514 1109 2577 inde
1138 2536 1198 2578 noc
1230 2517 1362 2580 Laertes
1393 2521 1470 2600 sibi,

513 2639 575 2681 nec
599 2615 755 2691 Anticlea,
769 2635 829 2677 nec
852 2614 996 2677 Acrisius
1018 2614 1174 2680 vendicat.
1221 2617 1303 2681 Haec
1329 2631 1406 2698 tota,
1429 2634 1465 2685 ut

514 2719 615 2798 vides,
629 2715 734 2782 laudis
748 2716 844 2802 hujus
860 2716 989 2801 propria
1003 2719 1094 2781 Ulixi
1115 2720 1276 2802 possessio
1291 2733 1348 2783 est.
1395 2724 1467 2787 Nec

514 2819 601 2886 aliud
617 2831 647 2884 te
667 2820 700 2883 iu
718 2817 831 2883 eodem
848 2819 949 2883 Ulixe
964 2821 1127 2884 Homerus
1143 2821 1251 2900 docet,
1265 2825 1320 2907 qui
1341 2847 1469 2910 semper

514 2925 544 2988 ei
573 2923 722 2986 comitem
751 2921 853 2984 voluit
878 2943 948 2985 esse
973 2921 1192 3006 prudentiam,
1216 2947 1311 3009 quam
1337 2927 1466 3010 poetico

514 3027 576 3090 ritu
591 3025 773 3089 Minervam
793 3024 1003 3108 nuncupavit.
1047 3025 1151 3107 Igitur
1164 3026 1225 3090 hac
1241 3027 1351 3090 eadem
1367 3030 1465 3092 comi·

513 3138 611 3206 tante,
633 3127 743 3190 omnia
765 3126 924 3189 horrenda
949 3126 1056 3205 subiit,
1082 3128 1189 3191 omnia
1214 3127 1348 3191 adversa
1369 3150 1467 3213 supe·

512 3231 602 3294 ravit
648 3229 778 3312 Quippe
795 3250 832 3291 ea
848 3227 1006 3313 adjutrice
1021 3229 1177 3313 Cyclopis
1196 3250 1313 3312 specus
1333 3231 1465 3308 introiit,

513 3333 571 3398 sed
595 3351 741 3413 egressus
766 3339 823 3392 est.
869 3331 953 3393 Solis
982 3332 1080 3394 bores
1105 3330 1195 3403 vidit,
1221 3330 1277 3394 sed
1302 3334 1466 3398 abstinuit.

512 3435 563 3499 Ad
579 3433 697 3495 inferos
712 3430 880 3508 demeavit,
896 3430 953 3493 sed
968 3432 1123 3496 ascendit.
1167 3432 1292 3497 Eadem
1307 3437 1468 3518 sapientia

511 3534 696 3610 comitante,
719 3530 859 3614 Scyllam
881 3535 1166 3616 praetemavigavit,
1180 3557 1241 3599 noc
1261 3549 1390 3620 ereptus
1407 3552 1465 3616 ast,

512 3633 675 3718 Charybdi
692 3645 865 3716 conseptus
879 3647 939 3712 est,
950 3657 1009 3699 uec
1022 3646 1131 3720 raptus
1146 3651 1203 3701 cst.
1242 3638 1353 3702 Circes
1363 3662 1461 3724 pocu-

510 3741 576 3802 lum
593 3737 685 3814 bibit,
699 3758 759 3800 nec
776 3746 915 3799 mutatus
930 3748 987 3799 est.
1028 3737 1077 3800 Ad
1094 3737 1301 3821 Lotophagos
1315 3741 1464 3819 accessit,

509 3862 570 3904 nec
587 3839 748 3903 remansit.
794 3838 925 3902 Sirenas
939 3838 1052 3913 audiit,
1067 3861 1126 3902 nec
1143 3840 1289 3903 accessit.
