3550 5467
310 751 378 797 cre.
396 733 471 813 vm]
675 751 929 799 eorrcnanrcus.
1221 733 1260 796 19

309 905 390 990 Cap.
407 911 437 968 7.
471 905 551 972 Quae
571 906 616 967 eit
635 907 798 987 conceptio
819 906 1017 969 sacramenti
1037 904 1205 979 militaris,
1228 912 1262 966 ct
1306 971 1310 978 ,

503 1007 590 1088 quod
600 1008 671 1070 eine
686 1026 723 1070 eo
737 1007 882 1069 militare
896 1025 960 1070 aon
976 1007 1061 1071 ticet.

352 1133 593 1195 Verminam
616 1133 695 1197 citra
717 1133 904 1214 religionem
927 1132 1117 1198 sacramenti
1140 1154 1181 1197 ex
1203 1155 1258 1197 an·

307 1233 399 1318 tiqua
419 1236 499 1317 lege,
523 1255 617 1298 nemo
639 1236 763 1300 militine
785 1237 915 1318 cingulo
938 1236 1125 1300 donabatur.
1172 1236 1258 1298 Nam

308 1338 393 1401 sicut
415 1337 502 1420 apud
523 1339 647 1402 Julium
670 1340 857 1402 Frontinum
880 1338 1009 1421 legitur,
1031 1339 1068 1402 L.
1085 1340 1204 1402 Flacco
1226 1347 1258 1402 et

308 1437 346 1501 C.
363 1439 503 1501 Varrone
515 1438 606 1503 Coss.
619 1439 735 1502 milites
745 1440 851 1522 primo
860 1437 1070 1525 jurejurando
1082 1439 1158 1503 facti
1170 1450 1257 1503 sunt.

307 1539 412 1603 Antea
427 1541 511 1603 eninr
529 1550 727 1604 sacramenta
741 1541 962 1604 tantummodo
977 1563 997 1604 a
1010 1541 1147 1604 tribunis
1166 1562 1259 1622 roga·

306 1641 434 1702 bantur.
481 1639 642 1702 Caeterum
657 1640 721 1723 ipsi
734 1640 819 1702 inter
839 1661 872 1703 se
890 1639 1109 1723 conjurabant,
1124 1661 1157 1703 se
1176 1640 1258 1721 fugae

307 1751 406 1821 atque
423 1737 602 1801 formidinis
614 1760 711 1801 causa
726 1760 790 1800 non
806 1739 960 1816 abituros,
970 1760 1075 1822 neque
1091 1760 1133 1801 ex
1147 1739 1259 1802 ordine

305 1860 499 1915 recessuros,
514 1840 576 1902 nisi
599 1840 653 1902 teli
676 1839 819 1922 petendi,
835 1840 975 1903 hostisve
997 1839 1131 1904 feriendi
1153 1860 1260 1916 causa,

307 1953 363 2003 aut
378 1940 458 2003 ciris
472 1940 628 2003 servandi.
673 1942 718 2004 Et
735 1941 798 2005 hoc
822 1939 989 2004 dicebatur
1009 1940 1131 2004 mrlitiae
1153 1961 1258 2004 sacra·

307 2051 459 2117 mentum,
471 2040 559 2124 quod
574 2052 606 2104 et
621 2039 966 2104 christianissimorum
982 2039 1164 2125 principum
1181 2061 1257 2104 auc·

307 2142 432 2205 toritate
454 2142 605 2221 firmatur,
620 2153 652 2205 et
673 2164 743 2205 usu.
788 2142 967 2226 Conceptio
982 2164 1056 2205 vero
1072 2141 1258 2226 juramenti,

306 2253 384 2306 teste
399 2243 546 2324 Vegetio,
557 2243 742 2327 hujusmodi
756 2252 814 2306 est.
850 2243 965 2306 Jurant
980 2242 1130 2327 equidem
1142 2240 1258 2305 milites

306 2365 363 2428 per
378 2344 494 2422 Deum,
511 2354 542 2407 et
559 2344 720 2408 Christum
739 2343 818 2428 ejus,
835 2356 867 2407 et
882 2343 1036 2428 Spiritum
1052 2355 1210 2420 sanctum,
1225 2353 1258 2406 et

308 2466 365 2527 per
387 2446 587 2530 majestatem
604 2447 771 2529 principis,
787 2468 857 2530 quae
873 2447 1050 2510 secundum
1074 2447 1181 2508 Deum
1196 2445 1255 2507 hu-

310 2566 405 2607 mano
421 2545 530 2626 generi
547 2544 710 2625 diligenda
728 2555 777 2608 est
797 2556 829 2608 et
848 2545 995 2609 colenda.
1042 2545 1143 2627 (Nam
1158 2565 1257 2629 quum

307 2646 379 2728 quis
403 2646 580 2726 legitimum
603 2647 730 2729 accepit
754 2646 980 2729 principatum,
1001 2658 1155 2729 tanquam
1177 2665 1259 2726 prae·

306 2746 386 2809 senti
409 2757 441 2808 et
463 2748 619 2831 corporali
642 2746 728 2823 Deo,
747 2746 853 2810 fidelis
875 2747 905 2809 ei
927 2758 976 2809 est
997 2745 1181 2830 praestanda
1202 2745 1259 2809 de·

305 2847 403 2924 roti0,
428 2847 665 2929 impendendus
689 2847 823 2930 pervigil
849 2847 1030 2910 famulatus.
1075 2847 1149 2910 Deo
1173 2846 1258 2909 enim

305 2948 357 3011 vel
380 2948 533 3030 privatus,
549 2949 599 3010 vel
617 2947 758 3010 militans
781 2948 887 3022 servit,
904 2969 1003 3032 quum
1025 2946 1163 3010 fideliter
1184 2967 1258 3010 eum

307 3047 422 3126 diligit,
439 3048 495 3129 qui
511 3049 584 3113 Deo
607 3058 718 3128 regnat
733 3052 882 3126 auctore.)
927 3049 947 3110 J
950 3059 1053 3123 urant,
1066 3049 1210 3130 inquam,
1224 3067 1259 3110 sc
1357 3079 1361 3086 ·

308 3158 438 3210 strenue
467 3148 608 3209 facturos
638 3146 756 3222 omnia,
781 3167 852 3228 quae
883 3148 1072 3230 praeceperit
1099 3147 1261 3230 princeps,

308 3269 475 3331 uunquam
491 3247 671 3310 deserturos
682 3246 836 3321 militiam,
849 3247 900 3309 vel
916 3257 1048 3309 mortem
1059 3254 1260 3311 recusaturos

307 3370 366 3434 pro
381 3346 559 3430 republica,
573 3346 667 3429 cujus
688 3355 764 3409 sunt
779 3345 953 3429 conscripti
973 3347 1105 3409 militiae.
1150 3347 1257 3419 Quum

306 3471 379 3513 vero
402 3449 464 3512 hoc
493 3447 696 3531 praestiterint
715 3446 952 3532 jusjurandum,
974 3449 1104 3530 cingulo
1130 3447 1258 3512 militari

307 3550 476 3627 donantur,
487 3559 521 3612 et
535 3548 721 3631 privilegiis.
768 3548 925 3634 Adeoque
940 3550 1079 3613 obtinuit
1092 3560 1128 3613 ut
1142 3550 1257 3615 electio

307 3666 339 3715 et
360 3663 594 3716 sacramentum
617 3651 751 3715 militem
776 3653 929 3730 facerent,
951 3662 987 3715 ut
1009 3651 1079 3715 sine
1101 3654 1257 3718 electione

307 3775 402 3817 nemo
415 3754 669 3816 conscriberetur
681 3763 736 3817 aut
745 3753 877 3838 juraret,
888 3755 957 3818 sine
967 3754 1151 3838 juramento
1161 3748 1258 3819 nemo

306 3876 422 3918 nomen
439 3853 550 3916 militis
566 3865 621 3917 aut
640 3854 782 3918 officium
805 3855 977 3918 sortiretur.
1023 3857 1062 3918 Iu
1085 3855 1166 3918 libro
1188 3856 1257 3918 offi-

308 3956 428 4018 ciorum
445 3956 491 4017 M.
508 3954 635 4018 Tullius
653 3956 756 4034 refert,
771 3955 857 4040 quod
879 3957 1060 4040 Pompilius
1083 3958 1260 4040 Imperator

309 4058 440 4120 tenebat
461 4056 670 4138 provinciam,
684 4057 716 4120 in
733 4058 826 4142 cujus
849 4059 994 4122 exercitu
1017 4060 1104 4123 filius
1126 4058 1261 4122 Catonis

306 4168 377 4240 tyro
389 4158 555 4221 militabat.
586 4159 691 4230 Quum
702 4170 808 4222 autem
819 4159 984 4243 Pompilio
993 4159 1153 4223 rideretur
1163 4177 1260 4219 unam

307 4257 467 4321 dimittere
493 4255 664 4340 legionem,
690 4259 823 4324 Catonis
849 4281 979 4345 quoque
1005 4260 1119 4333 tilium,
1145 4253 1262 4335 quiin

307 4357 421 4423 cadem
443 4361 566 4441 legione
587 4361 753 4439 militabat,
768 4361 902 4425 dimisit.
948 4359 1013 4421 Sed
1036 4377 1134 4442 quum
1155 4374 1261 4416 amore

757 4466 813 4522 ct
