3550 5467
412 728 472 786 170
669 739 804 783 rorssrs
820 735 1099 783 sanssaamsusrs
1205 722 1290 797 [ms.
1306 740 1357 788 vu.

617 895 731 942 astutam
744 889 812 955 gerit
824 887 871 938 sub
884 891 987 957 pectore
999 886 1104 957 vulpem
1116 904 1123 947 ς

410 984 515 1049 Stoico
530 986 644 1070 quovis
658 983 788 1047 liberior
802 994 861 1061 est,
877 983 999 1046 Catone
1014 981 1158 1066 rigidior,
1206 984 1266 1047 Est
1286 1006 1359 1070 quo·

405 1110 469 1172 que
490 1086 651 1150 interdum
677 1083 851 1171 simplicior
868 1083 968 1147 Paulo
982 1083 1115 1147 ductore
1138 1085 1297 1167 gentium,
1313 1109 1356 1148 so-

407 1185 532 1261 licitior,
545 1186 718 1249 ferventior
736 1187 852 1255 Petro;
877 1182 953 1247 etei
969 1184 1076 1248 vivere
1093 1185 1246 1249 Christus
1260 1200 1319 1262 est,
1330 1200 1358 1249 ct

407 1287 650 1351 morilucrum:
682 1310 740 1351 uec
762 1286 919 1372 gloriatur
938 1287 972 1349 in
996 1286 1117 1372 aliquo,
1133 1287 1193 1351 nisi
1217 1286 1249 1350 in
1273 1306 1362 1352 cruce·

408 1388 540 1469 Christi,
557 1411 651 1474 quam
671 1389 796 1475 jugiter
819 1403 924 1473 portat
947 1389 980 1451 in
1003 1410 1149 1475 corpore,
1175 1403 1212 1453 ut
1235 1389 1359 1475 spiritus

409 1492 515 1553 salvus
542 1491 595 1567 sit,
622 1490 753 1554 dissolvi
780 1489 939 1554 duntaxat
964 1492 1109 1576 cupiens,
1136 1505 1167 1554 et
1199 1513 1267 1554 esse
1292 1514 1358 1554 cum

410 1594 550 1659 Christo.
597 1593 772 1657 Mortificat
790 1615 867 1677 ergo
882 1615 1006 1656 carnem
1030 1615 1103 1656 cum
1121 1593 1220 1667 vitiis,
1237 1606 1269 1656 et
1291 1617 1359 1657 eon·

409 1696 632 1781 cupiscentiis;
664 1713 695 1759 et
712 1717 772 1758 non
789 1695 872 1758 sicut
888 1696 995 1758 caeteri
1019 1694 1198 1770 hominum,
1214 1719 1287 1759 cum
1310 1695 1361 1759 ho

409 1796 549 1861 minibus
564 1799 693 1881 degens,
710 1798 807 1860 vitam
823 1800 890 1880 agit
908 1797 1110 1882 Angelicam,
1125 1811 1157 1861 et
1180 1800 1212 1862 iu
1232 1798 1360 1862 coelesti·

410 1901 474 1964 bus
496 1914 712 1966 conversatur.
757 1900 913 1985 Jejunant
937 1899 969 1963 hi
992 1901 1153 1976 continue,
1178 1901 1246 1964 sine
1268 1902 1360 1966 inter·

410 2002 558 2066 missione
580 2015 683 2079 orant,
697 2001 780 2064 clare
796 2014 914 2078 tamen,
929 2017 961 2066 et
986 2015 1019 2066 ut
1044 2001 1155 2066 audiat
1178 2004 1304 2087 hospes,
1317 2026 1362 2066 as-

411 2104 495 2189 peris
515 2116 547 2166 et
570 2102 705 2166 sordidis
721 2102 862 2167 vestibus
877 2101 1068 2184 induuntur,
1082 2117 1115 2169 et
1138 2109 1294 2190 populum
1318 2105 1361 2168 in·

411 2217 551 2288 crepant.
598 2207 751 2286 Arguunt
778 2202 911 2285 clerum,
937 2205 977 2269 dc
1002 2207 1146 2271 moribus
1172 2207 1363 2292 corrigendis

411 2304 584 2369 sollicitant
602 2304 799 2392 principatus
815 2319 846 2369 et
869 2320 1057 2390 potestates,
1072 2306 1288 2371 testimonium
1305 2307 1361 2370 sibi

410 2405 609 2493 acquirentes
630 2402 780 2492 justitiae,
802 2410 828 2470 si
855 2408 929 2474 vitoe
955 2407 1123 2472 detrahant
1151 2408 1273 2473 alienae.
1318 2408 1362 2473 Ut

413 2533 485 2572 sero
500 2509 590 2574 fraus
605 2510 665 2574 sub
686 2508 860 2573 honestatis
877 2511 980 2596 specie
994 2510 1204 2587 convalescat,
1220 2509 1363 2576 laudabi-

411 2611 489 2678 lium
509 2611 646 2677 virorum
663 2610 795 2697 collegia
815 2626 984 2698 expetunt,
999 2612 1116 2675 arduas
1132 2613 1271 2677 subeunt
1295 2636 1362 2699 pro-

412 2716 572 2794 fessiones,
590 2727 750 2779 ostentant
773 2713 924 2789 difficilia,
945 2728 978 2779 et
1002 2714 1189 2779 familiarius
1211 2716 1272 2779 sibi
1296 2737 1362 2801 pro·

413 2819 497 2904 pitii,
513 2818 674 2905 possibilia
689 2830 720 2880 et
742 2840 815 2902 quae
838 2817 1026 2880 humaniora
1049 2832 1135 2894 sunt,
1149 2831 1361 2902 exequuntur.

414 2921 467 2985 Sic
492 2942 569 3004 ergo
595 2918 716 2992 Basilii,
746 2916 924 2993 Benedicti,
953 2916 1143 3002 Augustini,
1171 2931 1228 2980 aut
1257 2917 1282 2980 si
1308 2918 1362 2980 hoc

413 3044 526 3107 parum
558 3034 617 3099 est,
643 3019 865 3105 Apostolorum
897 3034 928 3082 et
960 3021 1193 3104 Prophetarum
1225 3019 1363 3085 latentur

414 3146 627 3199 successores3
656 3136 758 3186 restes
782 3118 1069 3194 carthusiensium,
1097 3121 1362 3198 Cisterciensium,

415 3225 685 3298 Cluniacensium,
701 3224 852 3299 induunt,
867 3238 898 3286 et
922 3222 979 3307 qui
994 3222 1170 3305 dignantur
1193 3246 1261 3286 esse
1276 3246 1364 3287 cano·

415 3326 489 3401 uici,
504 3323 683 3408 gloriantur
705 3322 735 3384 in
763 3323 861 3385 laneis
881 3322 998 3385 tunicis
1018 3336 1049 3386 et
1073 3322 1214 3407 pellibus
1235 3323 1363 3408 agninis,

415 3425 555 3488 Veniunt
571 3423 653 3484 euim
671 3422 700 3484 in
718 3422 912 3485 vestimentis
926 3422 1044 3502 ovium,
1057 3425 1246 3488 intrinsecus
1261 3438 1363 3488 autem

415 3539 489 3589 suut
503 3522 570 3607 lupi
587 3544 732 3606 rapaces:
759 3523 826 3600 sed,
839 3537 874 3589 ut
890 3523 935 3587 ait
952 3525 1120 3601 Dominus,
1133 3524 1364 3590 evidentissime

414 3638 649 3711 cognoscuntur
670 3647 688 3686 a
703 3625 861 3690 fructibus
877 3627 954 3691 suis.
1001 3631 1074 3691 Non
1099 3642 1204 3692 tamen
1221 3651 1241 3691 a
1255 3627 1364 3693 frauda

414 3729 559 3802 istorum,
575 3725 734 3811 religionis
751 3749 833 3791 verae
848 3729 1039 3794 diminuitur
1062 3729 1174 3813 gloria.
1221 3733 1304 3795 Nam
1320 3731 1365 3795 in·

415 3830 601 3895 dubitanter
624 3831 771 3896 omnibus
787 3846 923 3908 constat,
939 3833 1016 3918 quia
1030 3837 1158 3898 nomina
1173 3858 1248 3920 quae
1273 3833 1365 3920 profi·

417 3946 536 4008 tentur,
552 3945 582 3995 et
601 3954 737 4017 quorum
754 3931 943 4018 pollicentur
965 3932 1078 4010 officia,
1094 3932 1315 3998 honestissima
1336 3947 1365 3998 et

417 4033 598 4098 fidelissima
614 4045 699 4096 sunt.
745 4036 829 4096 Nam
845 4031 956 4116 religio
972 4033 1003 4095 in
1020 4032 1070 4097 his
1093 4033 1174 4098 adeo
1190 4059 1277 4116 vera,
1291 4035 1367 4100 adeo

417 4137 550 4221 probata
577 4134 731 4208 consistit,
761 4147 796 4196 ut
823 4132 941 4197 nullius
967 4135 1221 4220 reprehensionis
1247 4138 1368 4202 aculeos

417 4236 610 4299 reformidet.
657 4232 820 4318 Siquidem
845 4235 1098 4312 Carthusieuses,
1115 4239 1208 4323 quasi
1231 4239 1369 4304 avaritia

417 4336 675 4422 triumphatores,
697 4332 848 4418 praecipui
875 4336 994 4421 ubique
1017 4336 1207 4403 clarescunt.
1255 4340 1372 4405 Cister-
