<?xml version="1.0" encoding="UTF-8"?>
<!DOCTYPE html PUBLIC "-//W3C//DTD XHTML 1.0 Transitional//EN"
    "http://www.w3.org/TR/xhtml1/DTD/xhtml1-transitional.dtd">
<html xmlns="http://www.w3.org/1999/xhtml" xml:lang="en" lang="en">
 <head>
  <title>
</title>
<meta http-equiv="Content-Type" content="text/html;charset=utf-8" />
  <meta name='ocr-system' content='tesseract 3.04.00' />
  <meta name='ocr-capabilities' content='ocr_page ocr_carea ocr_par ocr_line ocrx_word'/>
</head>
<body>
  <div class='ocr_page' id='page_1' title='image "./joannissaresber17johngoog_0359.png"; bbox 0 0 3550 5467; ppageno 0'>
   <div class='ocr_carea' id='block_1_1' title="bbox 406 727 1363 805">
    <p class='ocr_par' dir='ltr' id='par_1_1' title="bbox 406 727 1363 805">
     <span class='ocr_line' id='line_1_1' title="bbox 406 727 1363 805; baseline 0.001 -17"><span class='ocrx_word' id='word_1_1' title='bbox 406 746 477 788; x_wconf 76' lang='lat' dir='ltr'><strong>cae.</strong></span> <span class='ocrx_word' id='word_1_2' title='bbox 495 727 580 805; x_wconf 69' lang='lat' dir='ltr'><strong>xxa]</strong></span> <span class='ocrx_word' id='word_1_3' title='bbox 761 745 1013 789; x_wconf 77' lang='lat' dir='ltr'><strong>eom&#39;canrrcos.</strong></span> <span class='ocrx_word' id='word_1_4' title='bbox 1301 734 1363 791; x_wconf 79' lang='lat'><strong>349</strong></span> 
     </span>
    </p>
   </div>
   <div class='ocr_carea' id='block_1_2' title="bbox 404 894 1371 4437">
    <p class='ocr_par' dir='ltr' id='par_1_2' title="bbox 404 894 1371 4437">
     <span class='ocr_line' id='line_1_2' title="bbox 404 894 1364 980; baseline 0.002 -24"><span class='ocrx_word' id='word_1_5' title='bbox 404 917 468 957; x_wconf 94' lang='lat' dir='ltr'><strong>non</strong></span> <span class='ocrx_word' id='word_1_6' title='bbox 492 895 659 970; x_wconf 80' lang='lat' dir='ltr'>intrarent,</span> <span class='ocrx_word' id='word_1_7' title='bbox 683 907 714 957; x_wconf 91' lang='lat' dir='ltr'><strong>et</strong></span> <span class='ocrx_word' id='word_1_8' title='bbox 738 916 840 980; x_wconf 91' lang='lat' dir='ltr'><strong>neque</strong></span> <span class='ocrx_word' id='word_1_9' title='bbox 855 894 1000 979; x_wconf 85' lang='lat' dir='ltr'><strong>collegio,</strong></span> <span class='ocrx_word' id='word_1_10' title='bbox 1026 916 1128 979; x_wconf 88' lang='lat' dir='ltr'><strong>neque</strong></span> <span class='ocrx_word' id='word_1_11' title='bbox 1155 895 1236 968; x_wconf 83' lang='lat' dir='ltr'><strong>foro,</strong></span> <span class='ocrx_word' id='word_1_12' title='bbox 1261 917 1364 980; x_wconf 91' lang='lat' dir='ltr'><strong>neque</strong></span> 
     </span>
     <span class='ocr_line' id='line_1_3' title="bbox 405 995 1364 1083; baseline 0.001 -25"><span class='ocrx_word' id='word_1_13' title='bbox 405 997 551 1071; x_wconf 90' lang='lat' dir='ltr'><strong>arbitrio,</strong></span> <span class='ocrx_word' id='word_1_14' title='bbox 568 1019 671 1081; x_wconf 86' lang='lat' dir='ltr'><strong>neque</strong></span> <span class='ocrx_word' id='word_1_15' title='bbox 687 995 855 1081; x_wconf 79' lang='lat' dir='ltr'>dignitate,</span> <span class='ocrx_word' id='word_1_16' title='bbox 880 1020 983 1082; x_wconf 89' lang='lat' dir='ltr'><strong>neque</strong></span> <span class='ocrx_word' id='word_1_17' title='bbox 1000 998 1141 1083; x_wconf 89' lang='lat' dir='ltr'><strong>qualibet</strong></span> <span class='ocrx_word' id='word_1_18' title='bbox 1164 996 1364 1060; x_wconf 89' lang='lat' dir='ltr'><strong>administra-</strong></span> 
     </span>
     <span class='ocr_line' id='line_1_4' title="bbox 410 1097 1366 1184; baseline 0.001 -24"><span class='ocrx_word' id='word_1_19' title='bbox 410 1098 496 1160; x_wconf 84' lang='lat' dir='ltr'><strong>tione</strong></span> <span class='ocrx_word' id='word_1_20' title='bbox 507 1099 783 1183; x_wconf 81' lang='lat' dir='ltr'><strong>participarentur.</strong></span> <span class='ocrx_word' id='word_1_21' title='bbox 809 1100 916 1176; x_wconf 83' lang='lat' dir='ltr'><strong>Quum</strong></span> <span class='ocrx_word' id='word_1_22' title='bbox 931 1122 1002 1161; x_wconf 89' lang='lat' dir='ltr'><strong>vero</strong></span> <span class='ocrx_word' id='word_1_23' title='bbox 1014 1100 1246 1184; x_wconf 82' lang='lat' dir='ltr'><strong>torquebantur</strong></span> <span class='ocrx_word' id='word_1_24' title='bbox 1257 1097 1366 1161; x_wconf 87' lang='lat' dir='ltr'><strong>Chris·</strong></span> 
     </span>
     <span class='ocr_line' id='line_1_5' title="bbox 409 1198 1365 1286; baseline 0.001 -24"><span class='ocrx_word' id='word_1_25' title='bbox 409 1198 499 1275; x_wconf 89' lang='lat' dir='ltr'><strong>tiani,</strong></span> <span class='ocrx_word' id='word_1_26' title='bbox 516 1213 573 1261; x_wconf 88' lang='lat' dir='ltr'><strong>aut</strong></span> <span class='ocrx_word' id='word_1_27' title='bbox 589 1198 820 1284; x_wconf 88' lang='lat' dir='ltr'><strong>spoliabantur,</strong></span> <span class='ocrx_word' id='word_1_28' title='bbox 835 1201 880 1262; x_wconf 93' lang='lat' dir='ltr'><strong>eis</strong></span> <span class='ocrx_word' id='word_1_29' title='bbox 896 1201 1080 1285; x_wconf 89' lang='lat' dir='ltr'><strong>patientiam</strong></span> <span class='ocrx_word' id='word_1_30' title='bbox 1096 1200 1267 1275; x_wconf 87' lang='lat' dir='ltr'><strong>indicebat,</strong></span> <span class='ocrx_word' id='word_1_31' title='bbox 1284 1221 1365 1286; x_wconf 92' lang='lat' dir='ltr'><strong>quo·</strong></span> 
     </span>
     <span class='ocr_line' id='line_1_6' title="bbox 408 1299 1365 1387; baseline 0.001 -22"><span class='ocrx_word' id='word_1_32' title='bbox 408 1304 493 1365; x_wconf 89' lang='lat' dir='ltr'><strong>niam</strong></span> <span class='ocrx_word' id='word_1_33' title='bbox 511 1301 591 1364; x_wconf 88' lang='lat' dir='ltr'><strong>hanc</strong></span> <span class='ocrx_word' id='word_1_34' title='bbox 616 1299 761 1364; x_wconf 90' lang='lat' dir='ltr'><strong>Galileus</strong></span> <span class='ocrx_word' id='word_1_35' title='bbox 783 1323 905 1378; x_wconf 91' lang='lat' dir='ltr'><strong>eorum,</strong></span> <span class='ocrx_word' id='word_1_36' title='bbox 928 1324 1079 1387; x_wconf 85' lang='lat' dir='ltr'><strong>expresso</strong></span> <span class='ocrx_word' id='word_1_37' title='bbox 1102 1303 1201 1366; x_wconf 91' lang='lat' dir='ltr'><strong>verbo</strong></span> <span class='ocrx_word' id='word_1_38' title='bbox 1222 1302 1312 1387; x_wconf 91' lang='lat' dir='ltr'><strong>legis,</strong></span> <span class='ocrx_word' id='word_1_39' title='bbox 1333 1314 1365 1366; x_wconf 91' lang='lat' dir='ltr'><strong>et</strong></span> 
     </span>
     <span class='ocr_line' id='line_1_7' title="bbox 409 1401 1365 1489; baseline 0.004 -23"><span class='ocrx_word' id='word_1_40' title='bbox 409 1401 592 1467; x_wconf 91' lang='lat' dir='ltr'><strong>testimonio</strong></span> <span class='ocrx_word' id='word_1_41' title='bbox 607 1404 724 1489; x_wconf 86' lang='lat' dir='ltr'><strong>operis,</strong></span> <span class='ocrx_word' id='word_1_42' title='bbox 741 1426 814 1466; x_wconf 91' lang='lat' dir='ltr'><strong>suos</strong></span> <span class='ocrx_word' id='word_1_43' title='bbox 829 1403 981 1468; x_wconf 86' lang='lat' dir='ltr'><strong>docuerat</strong></span> <span class='ocrx_word' id='word_1_44' title='bbox 997 1418 1176 1468; x_wconf 84' lang='lat' dir='ltr'><strong>sectatores.</strong></span> <span class='ocrx_word' id='word_1_45' title='bbox 1221 1404 1318 1469; x_wconf 91' lang='lat' dir='ltr'><strong>Unde</strong></span> <span class='ocrx_word' id='word_1_46' title='bbox 1333 1419 1365 1471; x_wconf 88' lang='lat' dir='ltr'><strong>et</strong></span> 
     </span>
     <span class='ocr_line' id='line_1_8' title="bbox 409 1505 1364 1582; baseline 0.003 -15"><span class='ocrx_word' id='word_1_47' title='bbox 409 1505 504 1569; x_wconf 90' lang='lat' dir='ltr'><strong>multi</strong></span> <span class='ocrx_word' id='word_1_48' title='bbox 535 1505 789 1571; x_wconf 88' lang='lat' dir='ltr'><strong>Christianorum</strong></span> <span class='ocrx_word' id='word_1_49' title='bbox 815 1518 988 1569; x_wconf 89' lang='lat' dir='ltr'><strong>retrorsum</strong></span> <span class='ocrx_word' id='word_1_50' title='bbox 1016 1507 1173 1582; x_wconf 90' lang='lat' dir='ltr'><strong>abierunt,</strong></span> <span class='ocrx_word' id='word_1_51' title='bbox 1189 1520 1246 1569; x_wconf 90' lang='lat' dir='ltr'><strong>aut</strong></span> <span class='ocrx_word' id='word_1_52' title='bbox 1273 1507 1364 1570; x_wconf 89' lang='lat' dir='ltr'><strong>strati</strong></span> 
     </span>
     <span class='ocr_line' id='line_1_9' title="bbox 410 1606 1364 1692; baseline -0.001 -21"><span class='ocrx_word' id='word_1_53' title='bbox 410 1620 509 1686; x_wconf 91' lang='lat' dir='ltr'><strong>metu,</strong></span> <span class='ocrx_word' id='word_1_54' title='bbox 524 1622 580 1671; x_wconf 88' lang='lat' dir='ltr'><strong>aut</strong></span> <span class='ocrx_word' id='word_1_55' title='bbox 596 1609 681 1692; x_wconf 86' lang='lat' dir='ltr'><strong>capti</strong></span> <span class='ocrx_word' id='word_1_56' title='bbox 697 1606 790 1671; x_wconf 91' lang='lat' dir='ltr'><strong>dolo:</strong></span> <span class='ocrx_word' id='word_1_57' title='bbox 816 1622 846 1670; x_wconf 90' lang='lat' dir='ltr'><strong>et</strong></span> <span class='ocrx_word' id='word_1_58' title='bbox 863 1607 1074 1672; x_wconf 86' lang='lat' dir='ltr'><strong>invalescebat</strong></span> <span class='ocrx_word' id='word_1_59' title='bbox 1090 1606 1213 1671; x_wconf 87' lang='lat' dir='ltr'><strong>saevitia</strong></span> <span class='ocrx_word' id='word_1_60' title='bbox 1224 1629 1364 1692; x_wconf 91' lang='lat' dir='ltr'><strong>pagano-</strong></span> 
     </span>
     <span class='ocr_line' id='line_1_10' title="bbox 414 1706 1366 1773; baseline 0.002 -2"><span class='ocrx_word' id='word_1_61' title='bbox 414 1731 494 1772; x_wconf 89' lang='lat' dir='ltr'><strong>rum.</strong></span> <span class='ocrx_word' id='word_1_62' title='bbox 539 1710 587 1772; x_wconf 93' lang='lat' dir='ltr'><strong>Ut</strong></span> <span class='ocrx_word' id='word_1_63' title='bbox 610 1723 716 1772; x_wconf 88' lang='lat' dir='ltr'><strong>autem</strong></span> <span class='ocrx_word' id='word_1_64' title='bbox 740 1708 780 1771; x_wconf 86' lang='lat' dir='ltr'><strong>ad</strong></span> <span class='ocrx_word' id='word_1_65' title='bbox 804 1706 1013 1772; x_wconf 83' lang='lat' dir='ltr'><strong>idololatriam</strong></span> <span class='ocrx_word' id='word_1_66' title='bbox 1038 1708 1154 1772; x_wconf 90' lang='lat' dir='ltr'><strong>milites</strong></span> <span class='ocrx_word' id='word_1_67' title='bbox 1174 1707 1297 1771; x_wconf 84' lang='lat' dir='ltr'><strong>facilius</strong></span> <span class='ocrx_word' id='word_1_68' title='bbox 1319 1732 1366 1773; x_wconf 92' lang='lat' dir='ltr'><strong>as-</strong></span> 
     </span>
     <span class='ocr_line' id='line_1_11' title="bbox 411 1805 1363 1892; baseline -0.001 -21"><span class='ocrx_word' id='word_1_69' title='bbox 411 1820 605 1877; x_wconf 86' lang='lat' dir='ltr'><strong>suescerent.</strong></span> <span class='ocrx_word' id='word_1_70' title='bbox 618 1807 742 1870; x_wconf 89' lang='lat' dir='ltr'><strong>studuit</strong></span> <span class='ocrx_word' id='word_1_71' title='bbox 756 1806 795 1869; x_wconf 90' lang='lat' dir='ltr'><strong>ad</strong></span> <span class='ocrx_word' id='word_1_72' title='bbox 812 1805 950 1892; x_wconf 90' lang='lat' dir='ltr'><strong>priscum</strong></span> <span class='ocrx_word' id='word_1_73' title='bbox 965 1808 1090 1871; x_wconf 90' lang='lat' dir='ltr'><strong>schema</strong></span> <span class='ocrx_word' id='word_1_74' title='bbox 1101 1808 1271 1871; x_wconf 84' lang='lat' dir='ltr'><strong>reformare</strong></span> <span class='ocrx_word' id='word_1_75' title='bbox 1284 1806 1363 1871; x_wconf 91' lang='lat' dir='ltr'><strong>illud</strong></span> 
     </span>
     <span class='ocr_line' id='line_1_12' title="bbox 413 1908 1366 1995; baseline 0.001 -24"><span class='ocrx_word' id='word_1_76' title='bbox 413 1909 538 1994; x_wconf 91' lang='lat' dir='ltr'><strong>signum</strong></span> <span class='ocrx_word' id='word_1_77' title='bbox 557 1908 724 1971; x_wconf 86' lang='lat' dir='ltr'><strong>sublimius</strong></span> <span class='ocrx_word' id='word_1_78' title='bbox 740 1912 971 1983; x_wconf 87' lang='lat' dir='ltr'><strong>Romanorum,</strong></span> <span class='ocrx_word' id='word_1_79' title='bbox 988 1909 1074 1995; x_wconf 94' lang='lat' dir='ltr'><strong>quod</strong></span> <span class='ocrx_word' id='word_1_80' title='bbox 1091 1909 1319 1973; x_wconf 82' lang='lat' dir='ltr'><strong>Constantinus</strong></span> <span class='ocrx_word' id='word_1_81' title='bbox 1334 1912 1366 1973; x_wconf 92' lang='lat' dir='ltr'><strong>in</strong></span> 
     </span>
     <span class='ocr_line' id='line_1_13' title="bbox 410 2010 1366 2096; baseline -0.001 -23"><span class='ocrx_word' id='word_1_82' title='bbox 410 2010 544 2073; x_wconf 79' lang='lat' dir='ltr'><strong>sormam</strong></span> <span class='ocrx_word' id='word_1_83' title='bbox 567 2010 669 2074; x_wconf 89' lang='lat' dir='ltr'><strong>crucis</strong></span> <span class='ocrx_word' id='word_1_84' title='bbox 685 2025 875 2075; x_wconf 85' lang='lat' dir='ltr'><strong>mutaverat.</strong></span> <span class='ocrx_word' id='word_1_85' title='bbox 921 2015 1039 2076; x_wconf 92' lang='lat' dir='ltr'><strong>Verum</strong></span> <span class='ocrx_word' id='word_1_86' title='bbox 1056 2012 1087 2075; x_wconf 92' lang='lat' dir='ltr'><strong>in</strong></span> <span class='ocrx_word' id='word_1_87' title='bbox 1105 2010 1241 2096; x_wconf 89' lang='lat' dir='ltr'><strong>publicis</strong></span> <span class='ocrx_word' id='word_1_88' title='bbox 1256 2010 1366 2095; x_wconf 89' lang='lat' dir='ltr'><strong>imagi-</strong></span> 
     </span>
     <span class='ocr_line' id='line_1_14' title="bbox 412 2111 1365 2196; baseline 0.002 -23"><span class='ocrx_word' id='word_1_89' title='bbox 412 2111 507 2175; x_wconf 92' lang='lat' dir='ltr'><strong>nibus</strong></span> <span class='ocrx_word' id='word_1_90' title='bbox 522 2113 648 2186; x_wconf 84' lang='lat' dir='ltr'><strong>Jovem,</strong></span> <span class='ocrx_word' id='word_1_91' title='bbox 665 2112 755 2196; x_wconf 88' lang='lat' dir='ltr'><strong>quasi</strong></span> <span class='ocrx_word' id='word_1_92' title='bbox 772 2111 812 2174; x_wconf 93' lang='lat' dir='ltr'><strong>de</strong></span> <span class='ocrx_word' id='word_1_93' title='bbox 827 2111 907 2175; x_wconf 89' lang='lat' dir='ltr'><strong>coelo</strong></span> <span class='ocrx_word' id='word_1_94' title='bbox 923 2112 982 2176; x_wconf 90' lang='lat' dir='ltr'><strong>sibi</strong></span> <span class='ocrx_word' id='word_1_95' title='bbox 997 2134 1142 2177; x_wconf 88' lang='lat' dir='ltr'><strong>coronam</strong></span> <span class='ocrx_word' id='word_1_96' title='bbox 1160 2112 1365 2190; x_wconf 84' lang='lat' dir='ltr'><strong>deferentem,</strong></span> 
     </span>
     <span class='ocr_line' id='line_1_15' title="bbox 410 2211 1365 2301; baseline 0.003 -27"><span class='ocrx_word' id='word_1_97' title='bbox 410 2224 441 2275; x_wconf 91' lang='lat' dir='ltr'><strong>ct</strong></span> <span class='ocrx_word' id='word_1_98' title='bbox 458 2235 655 2297; x_wconf 88' lang='lat' dir='ltr'><strong>purpuram:</strong></span> <span class='ocrx_word' id='word_1_99' title='bbox 683 2213 880 2297; x_wconf 86' lang='lat' dir='ltr'><strong>Mercurium</strong></span> <span class='ocrx_word' id='word_1_100' title='bbox 906 2238 1035 2301; x_wconf 91' lang='lat' dir='ltr'><strong>quoque</strong></span> <span class='ocrx_word' id='word_1_101' title='bbox 1056 2227 1089 2280; x_wconf 92' lang='lat' dir='ltr'><strong>et</strong></span> <span class='ocrx_word' id='word_1_102' title='bbox 1112 2211 1253 2280; x_wconf 87' lang='lat' dir='ltr'><strong>Martem</strong></span> <span class='ocrx_word' id='word_1_103' title='bbox 1276 2214 1308 2277; x_wconf 93' lang='lat' dir='ltr'><strong>in</strong></span> <span class='ocrx_word' id='word_1_104' title='bbox 1332 2236 1365 2277; x_wconf 82' lang='lat' dir='ltr'><strong>se</strong></span> 
     </span>
     <span class='ocr_line' id='line_1_16' title="bbox 414 2312 1366 2403; baseline 0.002 -27"><span class='ocrx_word' id='word_1_105' title='bbox 414 2313 625 2398; x_wconf 87' lang='lat' dir='ltr'><strong>respicientes,</strong></span> <span class='ocrx_word' id='word_1_106' title='bbox 650 2312 738 2378; x_wconf 89' lang='lat' dir='ltr'><strong>velut</strong></span> <span class='ocrx_word' id='word_1_107' title='bbox 762 2338 821 2400; x_wconf 92' lang='lat' dir='ltr'><strong>pro</strong></span> <span class='ocrx_word' id='word_1_108' title='bbox 842 2317 1023 2381; x_wconf 88' lang='lat' dir='ltr'><strong>testimonio</strong></span> <span class='ocrx_word' id='word_1_109' title='bbox 1045 2316 1197 2403; x_wconf 89' lang='lat' dir='ltr'><strong>sapientis</strong></span> <span class='ocrx_word' id='word_1_110' title='bbox 1210 2328 1241 2380; x_wconf 89' lang='lat' dir='ltr'><strong>et</strong></span> <span class='ocrx_word' id='word_1_111' title='bbox 1264 2315 1366 2391; x_wconf 89' lang='lat' dir='ltr'><strong>fortis,</strong></span> 
     </span>
     <span class='ocr_line' id='line_1_17' title="bbox 412 2414 1367 2501; baseline 0.004 -25"><span class='ocrx_word' id='word_1_112' title='bbox 412 2414 615 2500; x_wconf 82' lang='lat' dir='ltr'><strong>depingebat,</strong></span> <span class='ocrx_word' id='word_1_113' title='bbox 629 2416 688 2479; x_wconf 89' lang='lat' dir='ltr'><strong>hoc</strong></span> <span class='ocrx_word' id='word_1_114' title='bbox 704 2439 801 2500; x_wconf 87' lang='lat' dir='ltr'><strong>agens</strong></span> <span class='ocrx_word' id='word_1_115' title='bbox 816 2419 848 2481; x_wconf 95' lang='lat' dir='ltr'><strong>in</strong></span> <span class='ocrx_word' id='word_1_116' title='bbox 866 2418 1068 2501; x_wconf 86' lang='lat' dir='ltr'><strong>imaginibus,</strong></span> <span class='ocrx_word' id='word_1_117' title='bbox 1085 2431 1121 2483; x_wconf 93' lang='lat' dir='ltr'><strong>ut</strong></span> <span class='ocrx_word' id='word_1_118' title='bbox 1134 2418 1194 2483; x_wconf 91' lang='lat' dir='ltr'><strong>sub</strong></span> <span class='ocrx_word' id='word_1_119' title='bbox 1205 2418 1367 2481; x_wconf 88' lang='lat' dir='ltr'><strong>occasione</strong></span> 
     </span>
     <span class='ocr_line' id='line_1_18' title="bbox 412 2518 1369 2603; baseline 0.001 -24"><span class='ocrx_word' id='word_1_120' title='bbox 412 2518 535 2603; x_wconf 91' lang='lat' dir='ltr'><strong>imperii</strong></span> <span class='ocrx_word' id='word_1_121' title='bbox 553 2520 690 2582; x_wconf 89' lang='lat' dir='ltr'><strong>latenter</strong></span> <span class='ocrx_word' id='word_1_122' title='bbox 704 2520 913 2583; x_wconf 86' lang='lat' dir='ltr'><strong>adorarentur</strong></span> <span class='ocrx_word' id='word_1_123' title='bbox 928 2521 995 2595; x_wconf 92' lang='lat' dir='ltr'><strong>Dii,</strong></span> <span class='ocrx_word' id='word_1_124' title='bbox 1007 2532 1039 2583; x_wconf 91' lang='lat' dir='ltr'><strong>et</strong></span> <span class='ocrx_word' id='word_1_125' title='bbox 1053 2518 1226 2582; x_wconf 79' lang='lat' dir='ltr'><strong>hocmodo‘</strong></span> <span class='ocrx_word' id='word_1_126' title='bbox 1233 2518 1369 2603; x_wconf 79' lang='lat' dir='ltr'><strong>subjecti</strong></span> 
     </span>
     <span class='ocr_line' id='line_1_19' title="bbox 411 2618 1365 2703; baseline -0.002 -21"><span class='ocrx_word' id='word_1_127' title='bbox 411 2618 553 2684; x_wconf 92' lang='lat' dir='ltr'><strong>clanculo</strong></span> <span class='ocrx_word' id='word_1_128' title='bbox 569 2619 764 2698; x_wconf 89' lang='lat' dir='ltr'><strong>fallerentur,</strong></span> <span class='ocrx_word' id='word_1_129' title='bbox 779 2620 894 2683; x_wconf 90' lang='lat' dir='ltr'><strong>exinde</strong></span> <span class='ocrx_word' id='word_1_130' title='bbox 905 2624 948 2683; x_wconf 91' lang='lat' dir='ltr'><strong>sic</strong></span> <span class='ocrx_word' id='word_1_131' title='bbox 964 2623 1051 2703; x_wconf 90' lang='lat' dir='ltr'><strong>capti</strong></span> <span class='ocrx_word' id='word_1_132' title='bbox 1066 2619 1191 2683; x_wconf 87' lang='lat' dir='ltr'><strong>facilius</strong></span> <span class='ocrx_word' id='word_1_133' title='bbox 1203 2618 1365 2703; x_wconf 89' lang='lat' dir='ltr'><strong>impleturi</strong></span> 
     </span>
     <span class='ocr_line' id='line_1_20' title="bbox 416 2720 1369 2806; baseline -0.003 -22"><span class='ocrx_word' id='word_1_134' title='bbox 416 2721 502 2806; x_wconf 92' lang='lat' dir='ltr'><strong>quod</strong></span> <span class='ocrx_word' id='word_1_135' title='bbox 519 2721 624 2784; x_wconf 89' lang='lat' dir='ltr'><strong>vellet.</strong></span> <span class='ocrx_word' id='word_1_136' title='bbox 672 2721 705 2782; x_wconf 87' lang='lat' dir='ltr'><strong>si</strong></span> <span class='ocrx_word' id='word_1_137' title='bbox 723 2742 798 2782; x_wconf 85' lang='lat' dir='ltr'><strong>vero</strong></span> <span class='ocrx_word' id='word_1_138' title='bbox 814 2720 1038 2794; x_wconf 84' lang='lat' dir='ltr'><strong>detrectarent,</strong></span> <span class='ocrx_word' id='word_1_139' title='bbox 1060 2731 1286 2803; x_wconf 88' lang='lat' dir='ltr'><strong>torquerentur</strong></span> <span class='ocrx_word' id='word_1_140' title='bbox 1302 2731 1369 2782; x_wconf 89' lang='lat' dir='ltr'><strong>tan-</strong></span> 
     </span>
     <span class='ocr_line' id='line_1_21' title="bbox 412 2819 1367 2908; baseline -0.002 -22"><span class='ocrx_word' id='word_1_141' title='bbox 412 2847 508 2908; x_wconf 88' lang='lat' dir='ltr'><strong>quam</strong></span> <span class='ocrx_word' id='word_1_142' title='bbox 523 2821 645 2907; x_wconf 88' lang='lat' dir='ltr'><strong>imperii</strong></span> <span class='ocrx_word' id='word_1_143' title='bbox 658 2833 899 2907; x_wconf 89' lang='lat' dir='ltr'><strong>contemptores.</strong></span> <span class='ocrx_word' id='word_1_144' title='bbox 917 2821 1129 2906; x_wconf 86' lang='lat' dir='ltr'><strong>Approbabat</strong></span> <span class='ocrx_word' id='word_1_145' title='bbox 1140 2833 1247 2885; x_wconf 86' lang='lat' dir='ltr'><strong>autem</strong></span> <span class='ocrx_word' id='word_1_146' title='bbox 1260 2819 1367 2885; x_wconf 87' lang='lat' dir='ltr'><strong>studia</strong></span> 
     </span>
     <span class='ocr_line' id='line_1_22' title="bbox 414 2917 1368 3008; baseline 0 -20"><span class='ocrx_word' id='word_1_147' title='bbox 414 2926 683 2996; x_wconf 87' lang='lat' dir='ltr'><strong>Christianorum,</strong></span> <span class='ocrx_word' id='word_1_148' title='bbox 701 2922 772 2985; x_wconf 88' lang='lat' dir='ltr'><strong>licet</strong></span> <span class='ocrx_word' id='word_1_149' title='bbox 789 2937 1033 3008; x_wconf 85' lang='lat' dir='ltr'><strong>persequeretur</strong></span> <span class='ocrx_word' id='word_1_150' title='bbox 1057 2923 1150 2987; x_wconf 89' lang='lat' dir='ltr'><strong>fidem</strong></span> <span class='ocrx_word' id='word_1_151' title='bbox 1171 2936 1201 2986; x_wconf 95' lang='lat' dir='ltr'><strong>et</strong></span> <span class='ocrx_word' id='word_1_152' title='bbox 1218 2917 1368 2988; x_wconf 80' lang='lat' dir='ltr'><strong>exercitia</strong></span> 
     </span>
     <span class='ocr_line' id='line_1_23' title="bbox 411 3022 1366 3109; baseline 0 -23"><span class='ocrx_word' id='word_1_153' title='bbox 411 3028 591 3089; x_wconf 89' lang='lat' dir='ltr'><strong>virtutum:</strong></span> <span class='ocrx_word' id='word_1_154' title='bbox 617 3048 682 3108; x_wconf 93' lang='lat' dir='ltr'><strong>quo</strong></span> <span class='ocrx_word' id='word_1_155' title='bbox 702 3046 896 3109; x_wconf 86' lang='lat' dir='ltr'><strong>paganorum</strong></span> <span class='ocrx_word' id='word_1_156' title='bbox 923 3023 1086 3089; x_wconf 89' lang='lat' dir='ltr'><strong>roboraret</strong></span> <span class='ocrx_word' id='word_1_157' title='bbox 1109 3045 1256 3096; x_wconf 88' lang='lat' dir='ltr'><strong>errorem,</strong></span> <span class='ocrx_word' id='word_1_158' title='bbox 1280 3022 1366 3108; x_wconf 89' lang='lat' dir='ltr'><strong>apud</strong></span> 
     </span>
     <span class='ocr_line' id='line_1_24' title="bbox 413 3125 1367 3204; baseline -0.004 -11"><span class='ocrx_word' id='word_1_159' title='bbox 413 3126 565 3193; x_wconf 85' lang='lat' dir='ltr'><strong>Galilaeos</strong></span> <span class='ocrx_word' id='word_1_160' title='bbox 580 3150 641 3190; x_wconf 92' lang='lat' dir='ltr'><strong>non</strong></span> <span class='ocrx_word' id='word_1_161' title='bbox 656 3149 729 3190; x_wconf 88' lang='lat' dir='ltr'><strong>vera</strong></span> <span class='ocrx_word' id='word_1_162' title='bbox 741 3127 955 3190; x_wconf 89' lang='lat' dir='ltr'><strong>mentiebatur</strong></span> <span class='ocrx_word' id='word_1_163' title='bbox 965 3149 1043 3204; x_wconf 88' lang='lat' dir='ltr'><strong>esse,</strong></span> <span class='ocrx_word' id='word_1_164' title='bbox 1056 3125 1200 3189; x_wconf 88' lang='lat' dir='ltr'><strong>sedficta.</strong></span> <span class='ocrx_word' id='word_1_165' title='bbox 1218 3125 1367 3190; x_wconf 85' lang='lat' dir='ltr'><strong>Decrevit</strong></span> 
     </span>
     <span class='ocr_line' id='line_1_25' title="bbox 412 3216 1368 3315; baseline -0.002 -23"><span class='ocrx_word' id='word_1_166' title='bbox 412 3252 488 3311; x_wconf 85' lang='lat' dir='ltr'><strong>crgo</strong></span> <span class='ocrx_word' id='word_1_167' title='bbox 500 3227 544 3290; x_wconf 91' lang='lat' dir='ltr'><strong>eis</strong></span> <span class='ocrx_word' id='word_1_168' title='bbox 560 3227 693 3290; x_wconf 77' lang='lat' dir='ltr'><strong>virtutes</strong></span> <span class='ocrx_word' id='word_1_169' title='bbox 704 3227 845 3313; x_wconf 66' lang='lat' dir='ltr'><strong>praeripi,</strong></span> <span class='ocrx_word' id='word_1_170' title='bbox 857 3239 887 3292; x_wconf 91' lang='lat' dir='ltr'><strong>et</strong></span> <span class='ocrx_word' id='word_1_171' title='bbox 895 3216 1036 3315; x_wconf 81' lang='lat' dir='ltr'><strong>paganos</strong></span> <span class='ocrx_word' id='word_1_172' title='bbox 1047 3227 1237 3294; x_wconf 85' lang='lat' dir='ltr'><strong>Christianis</strong></span> <span class='ocrx_word' id='word_1_173' title='bbox 1247 3227 1368 3312; x_wconf 87' lang='lat' dir='ltr'><strong>absque</strong></span> 
     </span>
     <span class='ocr_line' id='line_1_26' title="bbox 413 3328 1371 3416; baseline 0 -24"><span class='ocrx_word' id='word_1_174' title='bbox 413 3330 487 3406; x_wconf 86' lang='lat' dir='ltr'><strong>fide,</strong></span> <span class='ocrx_word' id='word_1_175' title='bbox 504 3330 657 3405; x_wconf 92' lang='lat' dir='ltr'><strong>moribus,</strong></span> <span class='ocrx_word' id='word_1_176' title='bbox 679 3329 844 3406; x_wconf 90' lang='lat' dir='ltr'><strong>institutis,</strong></span> <span class='ocrx_word' id='word_1_177' title='bbox 864 3329 1077 3416; x_wconf 75' lang='lat' dir='ltr'><strong>philosophiae</strong></span> <span class='ocrx_word' id='word_1_178' title='bbox 1100 3328 1200 3394; x_wconf 88' lang='lat' dir='ltr'><strong>voluit</strong></span> <span class='ocrx_word' id='word_1_179' title='bbox 1222 3351 1288 3393; x_wconf 88' lang='lat' dir='ltr'><strong>esse</strong></span> <span class='ocrx_word' id='word_1_180' title='bbox 1303 3329 1371 3393; x_wconf 88' lang='lat' dir='ltr'><strong>cul-</strong></span> 
     </span>
     <span class='ocr_line' id='line_1_27' title="bbox 415 3431 1367 3519; baseline -0.002 -23"><span class='ocrx_word' id='word_1_181' title='bbox 415 3446 508 3508; x_wconf 89' lang='lat' dir='ltr'><strong>tores,</strong></span> <span class='ocrx_word' id='word_1_182' title='bbox 526 3433 607 3496; x_wconf 91' lang='lat' dir='ltr'><strong>sicut</strong></span> <span class='ocrx_word' id='word_1_183' title='bbox 624 3432 751 3496; x_wconf 83' lang='lat' dir='ltr'><strong>Arsatio</strong></span> <span class='ocrx_word' id='word_1_184' title='bbox 766 3434 911 3519; x_wconf 91' lang='lat' dir='ltr'><strong>pontifici</strong></span> <span class='ocrx_word' id='word_1_185' title='bbox 928 3433 1077 3512; x_wconf 86' lang='lat' dir='ltr'><strong>Galatiae,</strong></span> <span class='ocrx_word' id='word_1_186' title='bbox 1095 3432 1213 3518; x_wconf 88' lang='lat' dir='ltr'><strong>scripta</strong></span> <span class='ocrx_word' id='word_1_187' title='bbox 1228 3431 1268 3495; x_wconf 92' lang='lat' dir='ltr'><strong>ab</strong></span> <span class='ocrx_word' id='word_1_188' title='bbox 1283 3456 1321 3494; x_wconf 95' lang='lat' dir='ltr'><strong>eo</strong></span> <span class='ocrx_word' id='word_1_189' title='bbox 1335 3431 1367 3494; x_wconf 92' lang='lat' dir='ltr'><strong>in</strong></span> 
     </span>
     <span class='ocr_line' id='line_1_28' title="bbox 414 3534 1369 3620; baseline 0 -22"><span class='ocrx_word' id='word_1_190' title='bbox 414 3535 499 3598; x_wconf 92' lang='lat' dir='ltr'><strong>hunc</strong></span> <span class='ocrx_word' id='word_1_191' title='bbox 511 3535 640 3598; x_wconf 92' lang='lat' dir='ltr'><strong>modum</strong></span> <span class='ocrx_word' id='word_1_192' title='bbox 649 3537 741 3599; x_wconf 92' lang='lat' dir='ltr'><strong>docet</strong></span> <span class='ocrx_word' id='word_1_193' title='bbox 753 3536 910 3620; x_wconf 89' lang='lat' dir='ltr'><strong>Epistola.</strong></span> <span class='ocrx_word' id='word_1_194' title='bbox 922 3541 1123 3620; x_wconf 87' lang='lat' dir='ltr'><strong>Paganorum</strong></span> <span class='ocrx_word' id='word_1_195' title='bbox 1135 3535 1216 3599; x_wconf 90' lang='lat' dir='ltr'><strong>ritus</strong></span> <span class='ocrx_word' id='word_1_196' title='bbox 1226 3534 1369 3598; x_wconf 90' lang='lat' dir='ltr'><strong>nondum</strong></span> 
     </span>
     <span class='ocr_line' id='line_1_29' title="bbox 413 3636 1369 3724; baseline 0.002 -25"><span class='ocrx_word' id='word_1_197' title='bbox 413 3640 520 3720; x_wconf 91' lang='lat' dir='ltr'><strong>agitur</strong></span> <span class='ocrx_word' id='word_1_198' title='bbox 532 3637 708 3701; x_wconf 89' lang='lat' dir='ltr'><strong>secundum</strong></span> <span class='ocrx_word' id='word_1_199' title='bbox 716 3637 923 3702; x_wconf 90' lang='lat' dir='ltr'><strong>intentionem</strong></span> <span class='ocrx_word' id='word_1_200' title='bbox 933 3651 1084 3715; x_wconf 89' lang='lat' dir='ltr'><strong>nostram,</strong></span> <span class='ocrx_word' id='word_1_201' title='bbox 1095 3636 1369 3724; x_wconf 88' lang='lat' dir='ltr'><strong>proptercultores</strong></span> 
     </span>
     <span class='ocr_line' id='line_1_30' title="bbox 415 3739 1370 3827; baseline 0.002 -26"><span class='ocrx_word' id='word_1_202' title='bbox 415 3739 484 3824; x_wconf 81' lang='lat' dir='ltr'><strong>ejus</strong></span> <span class='ocrx_word' id='word_1_203' title='bbox 513 3741 546 3802; x_wconf 92' lang='lat' dir='ltr'><strong>in</strong></span> <span class='ocrx_word' id='word_1_204' title='bbox 577 3740 770 3826; x_wconf 81' lang='lat' dir='ltr'><strong>negligentia</strong></span> <span class='ocrx_word' id='word_1_205' title='bbox 792 3741 922 3827; x_wconf 90' lang='lat' dir='ltr'><strong>positos.</strong></span> <span class='ocrx_word' id='word_1_206' title='bbox 967 3745 1050 3806; x_wconf 89' lang='lat' dir='ltr'><strong>Nam</strong></span> <span class='ocrx_word' id='word_1_207' title='bbox 1078 3740 1211 3804; x_wconf 88' lang='lat' dir='ltr'><strong>deorum</strong></span> <span class='ocrx_word' id='word_1_208' title='bbox 1233 3740 1370 3819; x_wconf 83' lang='lat' dir='ltr'><strong>claritas,</strong></span> 
     </span>
     <span class='ocr_line' id='line_1_31' title="bbox 416 3840 1369 3928; baseline 0.002 -27"><span class='ocrx_word' id='word_1_209' title='bbox 416 3840 614 3924; x_wconf 84' lang='lat' dir='ltr'><strong>magnitudo,</strong></span> <span class='ocrx_word' id='word_1_210' title='bbox 629 3857 727 3928; x_wconf 92' lang='lat' dir='ltr'><strong>atque</strong></span> <span class='ocrx_word' id='word_1_211' title='bbox 743 3842 937 3919; x_wconf 89' lang='lat' dir='ltr'><strong>sublimitas,</strong></span> <span class='ocrx_word' id='word_1_212' title='bbox 955 3840 1040 3905; x_wconf 90' lang='lat' dir='ltr'><strong>omni</strong></span> <span class='ocrx_word' id='word_1_213' title='bbox 1063 3841 1204 3906; x_wconf 89' lang='lat' dir='ltr'><strong>oratione</strong></span> <span class='ocrx_word' id='word_1_214' title='bbox 1218 3842 1369 3926; x_wconf 90' lang='lat' dir='ltr'><strong>omnique</strong></span> 
     </span>
     <span class='ocr_line' id='line_1_32' title="bbox 417 3942 1369 4031; baseline 0 -28"><span class='ocrx_word' id='word_1_215' title='bbox 417 3964 470 4026; x_wconf 91' lang='lat' dir='ltr'><strong>spe</strong></span> <span class='ocrx_word' id='word_1_216' title='bbox 486 3944 588 4027; x_wconf 91' lang='lat' dir='ltr'><strong>major</strong></span> <span class='ocrx_word' id='word_1_217' title='bbox 604 3956 661 4008; x_wconf 87' lang='lat' dir='ltr'><strong>est.</strong></span> <span class='ocrx_word' id='word_1_218' title='bbox 701 3947 762 4009; x_wconf 87' lang='lat' dir='ltr'><strong>Sed</strong></span> <span class='ocrx_word' id='word_1_219' title='bbox 779 3945 910 4031; x_wconf 91' lang='lat' dir='ltr'><strong>propitii</strong></span> <span class='ocrx_word' id='word_1_220' title='bbox 926 3945 988 4008; x_wconf 86' lang='lat' dir='ltr'><strong>sint</strong></span> <span class='ocrx_word' id='word_1_221' title='bbox 1005 3943 1095 4007; x_wconf 90' lang='lat' dir='ltr'><strong>nobis</strong></span> <span class='ocrx_word' id='word_1_222' title='bbox 1110 3942 1154 4005; x_wconf 92' lang='lat' dir='ltr'><strong>dii</strong></span> <span class='ocrx_word' id='word_1_223' title='bbox 1171 3955 1301 4025; x_wconf 90' lang='lat' dir='ltr'><strong>propter</strong></span> <span class='ocrx_word' id='word_1_224' title='bbox 1315 3963 1369 4003; x_wconf 89' lang='lat' dir='ltr'><strong>ne·</strong></span> 
     </span>
     <span class='ocr_line' id='line_1_33' title="bbox 413 4041 1367 4132; baseline -0.003 -28"><span class='ocrx_word' id='word_1_225' title='bbox 413 4041 597 4126; x_wconf 87' lang='lat' dir='ltr'><strong>gligentiam</strong></span> <span class='ocrx_word' id='word_1_226' title='bbox 609 4068 704 4131; x_wconf 86' lang='lat' dir='ltr'><strong>quam</strong></span> <span class='ocrx_word' id='word_1_227' title='bbox 712 4045 1119 4132; x_wconf 39' lang='lat' dir='ltr'><strong>habemus,quum·illorum</strong></span> <span class='ocrx_word' id='word_1_228' title='bbox 1129 4041 1367 4127; x_wconf 86' lang='lat' dir='ltr'><strong>providentiain</strong></span> 
     </span>
     <span class='ocr_line' id='line_1_34' title="bbox 418 4146 1369 4233; baseline -0.002 -26"><span class='ocrx_word' id='word_1_229' title='bbox 418 4167 516 4229; x_wconf 88' lang='lat' dir='ltr'><strong>parvo</strong></span> <span class='ocrx_word' id='word_1_230' title='bbox 527 4162 677 4233; x_wconf 89' lang='lat' dir='ltr'><strong>tempore,</strong></span> <span class='ocrx_word' id='word_1_231' title='bbox 688 4160 777 4211; x_wconf 86' lang='lat' dir='ltr'><strong>tanta</strong></span> <span class='ocrx_word' id='word_1_232' title='bbox 788 4148 926 4211; x_wconf 88' lang='lat' dir='ltr'><strong>mutatio</strong></span> <span class='ocrx_word' id='word_1_233' title='bbox 938 4147 1022 4209; x_wconf 84' lang='lat' dir='ltr'><strong>facta</strong></span> <span class='ocrx_word' id='word_1_234' title='bbox 1037 4146 1088 4223; x_wconf 89' lang='lat' dir='ltr'><strong>sit,</strong></span> <span class='ocrx_word' id='word_1_235' title='bbox 1099 4156 1249 4228; x_wconf 88' lang='lat' dir='ltr'><strong>quantam</strong></span> <span class='ocrx_word' id='word_1_236' title='bbox 1267 4163 1369 4226; x_wconf 88' lang='lat' dir='ltr'><strong>neque</strong></span> 
     </span>
     <span class='ocr_line' id='line_1_35' title="bbox 416 4249 1369 4334; baseline -0.003 -26"><span class='ocrx_word' id='word_1_237' title='bbox 416 4269 504 4310; x_wconf 90' lang='lat' dir='ltr'><strong>orare</strong></span> <span class='ocrx_word' id='word_1_238' title='bbox 518 4249 668 4334; x_wconf 90' lang='lat' dir='ltr'><strong>primitus</strong></span> <span class='ocrx_word' id='word_1_239' title='bbox 679 4249 794 4334; x_wconf 89' lang='lat' dir='ltr'><strong>aliquis</strong></span> <span class='ocrx_word' id='word_1_240' title='bbox 804 4260 1060 4333; x_wconf 75' lang='lat' dir='ltr'><strong>praesumpserat.</strong></span> <span class='ocrx_word' id='word_1_241' title='bbox 1093 4250 1199 4318; x_wconf 82' lang='lat' dir='ltr'><strong>Quum</strong></span> <span class='ocrx_word' id='word_1_242' title='bbox 1213 4265 1289 4328; x_wconf 88' lang='lat' dir='ltr'><strong>ergo</strong></span> <span class='ocrx_word' id='word_1_243' title='bbox 1304 4264 1369 4305; x_wconf 88' lang='lat' dir='ltr'><strong>cre-</strong></span> 
     </span>
     <span class='ocr_line' id='line_1_36' title="bbox 416 4344 1369 4437; baseline -0.001 -29"><span class='ocrx_word' id='word_1_244' title='bbox 416 4346 522 4413; x_wconf 90' lang='lat' dir='ltr'><strong>dimus</strong></span> <span class='ocrx_word' id='word_1_245' title='bbox 552 4351 613 4414; x_wconf 88' lang='lat' dir='ltr'><strong>hoc</strong></span> <span class='ocrx_word' id='word_1_246' title='bbox 643 4374 734 4437; x_wconf 89' lang='lat' dir='ltr'><strong>posse</strong></span> <span class='ocrx_word' id='word_1_247' title='bbox 766 4350 919 4428; x_wconf 87' lang='lat' dir='ltr'><strong>sufficere,</strong></span> <span class='ocrx_word' id='word_1_248' title='bbox 950 4367 1151 4431; x_wconf 90' lang='lat' dir='ltr'><strong>nequaquam</strong></span> <span class='ocrx_word' id='word_1_249' title='bbox 1184 4344 1369 4429; x_wconf 85' lang='lat' dir='ltr'><strong>respicimus</strong></span> 
     </span>
    </p>
   </div>
   <div class='ocr_carea' id='block_1_3' title="bbox 0 0 1787 5467">
    <p class='ocr_par' dir='ltr' id='par_1_3' title="bbox 0 0 1787 5467">
     <span class='ocr_line' id='line_1_37' title="bbox 0 0 1787 5467; baseline 0 0"><span class='ocrx_word' id='word_1_250' title='bbox 0 0 1787 5467; x_wconf 95' lang='lat' dir='ltr'><strong> </strong></span> 
     </span>
    </p>
   </div>
  </div>
 </body>
</html>
