3550 5467
319 764 388 809 cae.
408 750 445 829 n]
658 764 912 811 eorxcnarrcus.
1265 751 1285 810 3

315 935 467 981 manuum
484 920 598 1001 capitis
613 918 661 981 sui
678 930 869 1002 protestatur
889 917 1073 1000 imaginem,
1086 920 1165 1002 quia
1181 931 1214 982 ut
1229 920 1274 982 ait

315 1020 482 1102 sapientia,
498 1040 553 1083 rex
571 1020 699 1104 iniquus
713 1041 825 1085 omnes
840 1021 1001 1084 ministros
1018 1020 1135 1104 impios
1150 1021 1271 1097 habet;

315 1133 348 1182 et
364 1123 468 1204 qualis
482 1133 586 1184 rector
600 1133 648 1184 est
663 1122 811 1196 civitatis,
827 1123 908 1185 tales
923 1131 996 1184 suut
1011 1132 1042 1184 et
1057 1122 1273 1185 inhabitantes

314 1220 349 1282 in
365 1241 411 1284 ea.
458 1222 605 1303 Oportet,
616 1220 721 1304 inquit
735 1221 887 1300 Pericles,
902 1222 1059 1303 collegam
1076 1221 1270 1306 Sophoclem

316 1342 464 1403 arguens,
492 1333 659 1404 praetorem
688 1344 754 1385 non
784 1323 882 1386 modo
918 1343 1042 1401 manus,
1072 1323 1131 1385 sed
1160 1323 1272 1386 oeulos

315 1422 435 1485 habere
458 1424 671 1486 continentes.
715 1423 777 1487 Est
798 1435 905 1487 sutem
932 1423 1171 1507 praesidentium
1195 1444 1272 1487 con·

316 1522 452 1587 tinentia
466 1524 522 1586 illa
535 1524 716 1601 laudabilis,
731 1546 829 1608 quum
842 1524 883 1588 ab
899 1525 1091 1603 actionibus,
1106 1538 1137 1588 et
1150 1523 1273 1610 injuriis

315 1623 483 1686 continent
506 1644 619 1686 manus
642 1644 726 1700 suas,
747 1634 780 1685 et
802 1624 956 1688 cohibent
977 1624 1106 1687 alienas.
1151 1626 1272 1689 Manus

315 1733 424 1785 tamen
440 1723 604 1805 utriusque
621 1722 753 1799 militiae,
767 1734 896 1786 armatae
915 1723 1065 1787 videlicet
1084 1735 1116 1786 et
1134 1723 1275 1803 inermis,

318 1843 433 1885 manus
445 1832 494 1885 est
504 1823 677 1905 principis;
699 1832 731 1885 et
741 1824 803 1886 nisi
813 1834 979 1905 utramque
990 1823 1150 1900 cohibeat,
1161 1844 1274 1907 parum

316 1924 487 1988 continens
502 1934 560 1988 est.
603 1926 649 1987 Et
670 1924 801 2008 quidem
825 1927 943 1989 arctius
966 1925 1203 2010 compescenda
1224 1937 1274 1990 est

317 2024 456 2103 inermis,
473 2046 511 2088 eo
528 2024 616 2110 quod
631 2046 730 2110 quum
743 2026 855 2088 armati
871 2026 1098 2110 praecipiantur
1112 2027 1272 2091 abstinere

317 2127 360 2190 ab
383 2127 606 2190 exactionibus
628 2137 661 2190 et
683 2126 816 2211 rapinis,
835 2127 966 2190 inermis
988 2128 1084 2190 etiam
1100 2148 1119 2191 a
1134 2129 1274 2192 muneri·

317 2231 379 2291 bus
395 2241 547 2292 arceatur.
592 2228 627 2292 si
642 2240 747 2292 tamen
763 2249 862 2312 poena
875 2228 974 2292 alicui
994 2229 1149 2309 irrogatur
1167 2230 1273 2310 legiti-

318 2350 382 2404 ma,
398 2329 426 2391 si
440 2329 580 2410 exigitur
601 2337 656 2392 aut
679 2328 837 2410 accipitur
858 2327 946 2410 quod
961 2328 1033 2411 jure
1057 2338 1209 2392 statutum
1225 2339 1275 2393 est

317 2431 369 2493 vel
391 2450 592 2507 concessum,
613 2448 819 2513 nequaquam
840 2430 970 2512 punitur
992 2440 1047 2493 aut
1067 2429 1274 2512 reprehendi·

319 2543 378 2595 tur.
423 2531 498 2594 Hoc
520 2530 607 2594 euim
626 2528 780 2615 quicquid
803 2530 856 2607 sit,
871 2530 1052 2593 exactionis
1068 2548 1187 2593 nomen
1206 2551 1274 2594 non

318 2633 454 2716 reeipit3
491 2654 597 2716 neque
633 2632 721 2696 cadit
748 2632 783 2694 in
814 2633 953 2695 muneris
988 2630 1155 2710 rationem,
1184 2630 1274 2715 quod

319 2736 473 2798 officiales
488 2734 634 2817 accipere
649 2733 868 2816 prohibentur.
907 2727 995 2804 Quia
1004 2752 1079 2794 vero
1089 2732 1274 2796 officialium

319 2834 452 2896 licentia
466 2833 569 2916 major
583 2844 642 2908 est,
657 2832 733 2895 dum
754 2833 814 2895 sub
836 2839 997 2914 praetextu
1013 2829 1123 2907 officii,
1138 2830 1275 2914 spoliare

318 2945 465 3014 possunt,
490 2944 546 2997 aut
570 2953 684 2996 vexare
709 2933 860 3015 privatos,
882 2931 970 3016 quod
996 2941 1107 2995 contra
1132 2931 1274 2995 officium

319 3045 528 3117 prasumunt,
544 3053 641 3115 poena
662 3032 841 3096 feriendum
862 3039 912 3094 est
932 3032 1074 3112 graviori.
1120 3032 1174 3094 Ait
1189 3032 1275 3094 enim

318 3136 434 3196 beatus
455 3132 657 3207 Laurentius,
679 3129 932 3194 Mediolanensis
955 3132 1161 3214 Episcopus:
1187 3129 1274 3204 Quid

321 3246 371 3297 est
386 3230 598 3315 publicanus?
637 3230 755 3294 Nonne
770 3241 868 3314 caput
886 3231 1018 3316 rapinae,
1034 3241 1067 3294 et
1079 3232 1135 3294 lex
1153 3231 1275 3297 violen-

321 3334 394 3398 tiae?
433 3333 520 3407 Quid
531 3343 580 3398 est
594 3331 810 3417 publicanus?
845 3332 960 3396 Praedo
975 3333 1044 3395 sine
1060 3331 1193 3418 pudore,
1208 3356 1275 3400 me·

321 3437 413 3500 dicus
428 3435 618 3499 exterminii.
665 3435 784 3498 Nonne
806 3433 974 3498 immanior
988 3447 1037 3498 est
1052 3435 1173 3501 iuribus
1188 3437 1270 3519 pub·

321 3536 469 3601 licanus?
517 3537 582 3599 Fur
618 3555 758 3619 namque
792 3537 842 3598 vel
882 3535 998 3599 timens
1038 3535 1174 3600 furaturr
1217 3538 1272 3603 hic

320 3650 428 3702 autem
465 3638 625 3722 delinquit
660 3635 870 3701 confidenter.
925 3637 989 3699 Fur
1024 3636 1157 3721 laqueos
1192 3639 1273 3721 legis

321 3740 421 3818 timet,
436 3738 490 3801 hic
507 3735 660 3820 quicquid
675 3736 797 3816 fecerit,
812 3741 913 3819 legem
936 3746 1038 3821 putat.
1084 3735 1157 3803 Lex
1174 3738 1273 3803 furem

299 3839 458 3904 -deterret
485 3839 526 3902 ab
556 3837 691 3914 illicitis3
720 3837 774 3900 hic
804 3837 845 3900 ad
874 3837 1021 3922 iniquum
1050 3839 1180 3904 malitia
1206 3858 1273 3905 suta

321 3940 560 4024 compendium,
585 3939 689 4020 legem
719 3938 822 4002 trahit.
867 3938 948 4012 Quis
978 3958 1016 4001 eo
1039 3938 1191 4024 iniquior,
1217 3941 1274 4024 qul

322 4043 427 4105 verbis
436 4041 569 4126 justitia
579 4039 737 4124 justitiam
755 4038 895 4116 damnat,
910 4050 943 4103 et
958 4041 1053 4104 armis
1068 4042 1273 4118 innocentia,

321 4143 448 4226 spoliat,
474 4143 626 4219 vulnerat,
651 4140 772 4204 occidit
796 4138 1009 4203 innocentes?
1047 4142 1134 4224 Lege
1164 4142 1273 4222 utique

322 4244 426 4320 legem
450 4242 586 4324 perimit,
609 4252 642 4304 et
664 4240 739 4303 dum
762 4239 843 4302 alios
865 4247 958 4322 urget
979 4239 1022 4302 ad
1044 4241 1158 4320 legem,
1175 4238 1275 4300 exlex

320 4355 379 4406 est.
424 4343 507 4405 Nam
524 4343 607 4404 sicut
629 4351 747 4424 prator
762 4340 856 4402 etiam
872 4360 971 4423 quum
987 4337 1098 4418 inique
1119 4335 1270 4411 decernit,

770 4456 791 4500 n
806 4443 827 4499 2
