3550 5467
406 783 473 829 cae.
492 764 615 843 xxiia]
778 781 1031 826 eosrcnarrcas.
1303 764 1363 826 ‘181

407 933 536 1017 praevio,
553 931 700 998 solidata.
746 932 912 1017 Siquidem
930 932 1179 1008 carthusienses,
1195 931 1362 1017 cupiditati

406 1058 481 1114 suae,
497 1035 566 1098 imo
582 1035 773 1111 necessitati,
795 1034 911 1099 limites
934 1035 1151 1122 praefixerunt,
1172 1046 1204 1097 et
1219 1033 1362 1097 modera-

405 1137 497 1200 tionis
510 1136 645 1201 habenis
658 1158 783 1199 omnem
800 1136 963 1202 avaritiam
976 1138 1135 1213 cohibent,
1151 1150 1183 1200 et
1199 1135 1358 1200 interdum

404 1237 464 1320 ipsi
492 1236 674 1301 necessitati
701 1235 825 1322 aliquid
852 1237 1058 1315 subtrahunt,
1082 1261 1121 1302 ne
1143 1238 1203 1302 sub
1224 1239 1359 1301 obtentu

405 1336 492 1400 iilius
523 1336 690 1421 quippiam
721 1336 856 1400 avaritia
886 1337 1044 1401 moliatur.
1091 1338 1204 1423 Magni
1234 1338 1360 1423 procui·

405 1438 507 1502 dubio
530 1437 602 1518 viri,
624 1452 656 1502 et
670 1438 753 1501 inter
769 1438 947 1524 praecipuos
963 1440 1161 1515 numerandi,
1177 1463 1276 1527 quum
1299 1461 1359 1502 non

406 1540 502 1604 modo
517 1541 738 1626 professiones,
750 1540 803 1603 sed
816 1543 883 1626 jam
897 1555 1075 1605 senescente
1087 1542 1218 1621 mundo,
1231 1546 1361 1606 intanta

406 1642 615 1707 multitudine
637 1642 809 1707 labentium
833 1643 1024 1719 seculorum,
1040 1646 1134 1729 pauci
1154 1644 1360 1729 processerint

407 1744 563 1825 homines,
593 1745 647 1831 qui
686 1744 843 1809 satietatis
872 1744 933 1809 sibi
960 1745 1083 1829 aliquos
1113 1744 1359 1830 praescripserint

406 1847 566 1911 terminos.
614 1846 748 1908 Necesse
770 1858 819 1908 est
841 1868 965 1930 semper
987 1846 1094 1910 deesse
1116 1844 1237 1931 aliquid
1261 1860 1361 1909 curtae

406 1949 461 2022 rei,
485 1961 517 2012 et
540 1949 610 2034 ipse
631 1947 739 2012 hiatus
761 1947 908 2011 desiderii
931 1947 1053 2034 aliquid
1085 1947 1219 2013 ulterius
1236 1949 1360 2034 jugiter

405 2050 595 2126 affectantis,
611 2049 860 2135 imperfectionis
881 2050 1008 2136 signum
1024 2067 1082 2114 est.
1127 2050 1259 2134 Signum
1276 2049 1359 2124 dico,

405 2150 567 2214 deiectum
602 2151 709 2236 potius
737 2149 872 2214 dixerim
910 2152 1108 2216 conscientiae
1144 2151 1357 2216 manifestum.

406 2250 554 2330 Quodam
577 2250 675 2335 igitur
697 2250 804 2328 modu,
827 2275 928 2339 eoque
950 2252 1103 2338 glorioso,
1126 2253 1286 2338 perfectus
1298 2266 1358 2333 est,

405 2357 462 2441 qui
480 2353 635 2441 proevidet
653 2354 737 2417 unde
753 2353 855 2418 valeat
876 2355 1003 2420 satiari:
1027 2355 1115 2443 quod
1126 2357 1184 2422 etsi
1200 2360 1356 2421 neminem

403 2457 452 2521 vei
483 2455 657 2521 admodum
688 2478 807 2541 paucos
836 2458 1002 2541 gentilium
1032 2473 1192 2523 assecutos
1220 2459 1360 2536 credam,

405 2558 1358 2647 huictamennonnuliosinstitisseproposito‚eertumbabeo,

407 2659 799 2747 quumetEtbicusdicat:
818 2663 979 2726 “Certum
993 2677 1067 2726 voto
1075 2677 1149 2747 pete
1158 2661 1283 2738 finem,”
1295 2660 1360 2723 sine

404 2787 471 2850 quo
488 2763 520 2827 io
541 2761 699 2828 infinitum
722 2764 818 2827 aoiuri
840 2764 968 2828 humani
992 2779 1124 2828 conatus
1145 2763 1358 2850 protenditur,

405 2881 436 2930 et
466 2867 500 2929 iu
527 2865 560 2929 id
591 2864 679 2950 quod
702 2866 829 2928 omnino
852 2881 989 2951 nequeat
1011 2865 1217 2952 apprehendi.
1264 2868 1360 2929 Porro

409 2968 524 3055 Magni
539 2971 662 3032 Montis
677 2967 789 3030 incoiae
805 2969 901 3031 vitam
918 2969 1119 3052 praearduam
1136 2965 1311 3051 elegerunt,
1327 2979 1359 3030 et

405 3092 467 3134 non
492 3070 588 3134 modo
609 3069 762 3147 avaritiae,
783 3070 837 3133 sed
853 3069 954 3155 ipsius
976 3085 1100 3134 naturae
1123 3069 1358 3154 quodammodo

405 3172 590 3244 domitores,
620 3170 726 3233 omnia
756 3171 951 3234 necessitatis
980 3173 1113 3257 imperia
1143 3171 1357 3246 excluserunt,

405 3274 591 3359 abjecerunt
601 3272 844 3336 sollicitudinem
855 3273 995 3350 crastini,
1009 3274 1115 3336 omnia
1131 3274 1244 3337 mundi
1256 3271 1358 3336 oblec-

406 3387 547 3439 tamenta
562 3387 763 3438 contemnere
782 3395 894 3458 parum
916 3391 965 3438 est
980 3373 1066 3460 apud
1083 3398 1147 3451 eos,
1166 3397 1358 3460 quacunque

404 3477 445 3539 ad
470 3490 580 3561 portas
600 3496 709 3537 eorum
732 3475 807 3559 quis
822 3473 927 3559 pulset
951 3474 1098 3559 imagine,
1122 3473 1304 3538 excluditur
1326 3487 1359 3539 et

404 3577 554 3643 confusus
575 3575 733 3641 abscedit:
758 3577 789 3637 in
813 3598 866 3639 eas
888 3577 1009 3663 quippe
1032 3576 1117 3642 solus
1140 3577 1290 3642 Christus
1312 3577 1357 3641 in-

407 3680 564 3763 greditur,
579 3679 672 3762 cujus
687 3676 866 3740 innituntur
887 3678 1010 3761 gratim.
1055 3682 1219 3745 Jactantes
1238 3679 1357 3764 cogita-

409 3797 478 3845 tum
488 3803 582 3844 suum
592 3779 622 3842 in
635 3801 719 3852 euni,
732 3779 788 3864 qui
804 3780 951 3865 parvulos
960 3781 1090 3857 enutrit,
1102 3795 1133 3845 et
1145 3781 1201 3846 dat
1205 3783 1361 3868 jumentis

405 3906 520 3963 escam,
542 3882 702 3968 pullisque
717 3903 895 3946 corvorum.
942 3882 1026 3946 Lilia
1042 3884 1136 3947 vestit
1150 3885 1230 3969 agri,
1244 3899 1275 3948 et
1291 3908 1358 3948 om-

406 3986 500 4049 nibus
522 3983 724 4069 sperantibus
745 3984 777 4046 in
801 4007 845 4061 se,
868 3998 925 4048 aut
948 3986 1183 4050 constitutionis
1213 4010 1279 4051 suae
1302 3987 1359 4050 ob·

406 4088 659 4174 temperantibus
695 4087 770 4172 legi,
807 4087 978 4151 necessaria
1022 4100 1166 4175 praestat,
1204 4102 1240 4152 ut
1278 4089 1358 4152 nihil

407 4191 487 4254 desit
512 4188 573 4264 bis,
604 4191 661 4275 qui
692 4213 724 4253 se
754 4191 824 4274 ejus
858 4212 920 4253 non
945 4192 1173 4254 subtraxerunt
1191 4189 1357 4252 voluntati.

408 4295 527 4357 'l'otam
551 4315 628 4376 ergo
650 4292 894 4357 sollicitudinem
919 4316 1020 4372 suani,
1042 4309 1074 4356 et
1096 4314 1220 4353 omnem
1237 4291 1269 4352 in
1285 4312 1357 4352 eum

406 4395 590 4483 projiciunt,
606 4394 658 4458 cui
672 4393 712 4458 de
725 4394 872 4459 fidelibus
894 4407 1043 4470 curarat,
1059 4392 1202 4476 adeoque
1223 4390 1361 4475 pruden-
