3550 5467
542 720 601 777 ltt
772 728 909 774 Joasxrs
923 727 1204 773 sinnsnnnrnssrs
1338 713 1421 793 [mn.
1437 730 1489 775 ru.

539 896 595 945 aut
615 879 846 951 fabulandum
877 891 934 941 aut
960 877 1199 963 disceptandum
1226 893 1276 945 est
1303 880 1375 945 tibi.
1412 880 1488 943 Nam

538 983 593 1068 qui
612 980 770 1044 verbosior
785 993 844 1059 est,
856 979 984 1042 videtur
998 978 1130 1044 doctior.
1160 978 1229 1043 Nec
1239 981 1419 1044 curandum
1434 996 1489 1059 est,

538 1083 635 1162 uude,
650 1095 707 1146 aut
729 1080 821 1166 quid,
836 1079 876 1142 de
899 1103 964 1165 quo
985 1080 1109 1160 sentiat,
1123 1095 1179 1143 aut
1202 1082 1348 1166 proferat
1369 1082 1489 1168 aliquis,

537 1184 613 1247 dum
627 1183 784 1268 loquatur.
811 1180 877 1244 Nec
890 1181 987 1245 refert
999 1203 1064 1266 qua
1076 1182 1214 1268 quisque
1227 1184 1350 1247 ratione
1361 1183 1487 1258 nitatur,

536 1285 612 1349 dum
629 1307 691 1347 nun
712 1283 907 1361 instantiam,
923 1282 976 1345 scd
1001 1282 1145 1346 umbram
1169 1284 1241 1368 ejus
1256 1284 1398 1370 quisque
1418 1283 1489 1348 dare

537 1386 682 1452 sufficiat.
715 1384 800 1459 Quid
818 1406 927 1451 rerum
945 1397 1003 1447 aut
1017 1383 1145 1460 falsum,
1160 1384 1241 1469 quid
1256 1385 1422 1470 probabile
1435 1399 1487 1450 aut

538 1486 616 1572 quid
633 1507 693 1549 non
710 1484 874 1570 probabile
890 1482 941 1563 sit,
955 1482 1075 1546 frustra
1090 1484 1261 1568 quaeritur,
1275 1508 1380 1570 quum
1394 1485 1487 1548 omni·

538 1586 600 1651 bus
621 1586 726 1672 imago
747 1583 959 1671 probabilium
977 1583 1174 1668 praeferatur.
1206 1587 1322 1648 Statue
1337 1585 1422 1672 quod
1439 1609 1487 1648 ro-

539 1688 647 1764 lueris,
663 1688 768 1751 statim
789 1684 867 1749 illud
891 1683 999 1768 aliqua
1022 1683 1199 1748 similitudo
1220 1702 1366 1750 evacuat.
1410 1688 1486 1750 i'anr

538 1789 627 1876 quod
639 1789 760 1853 obtinet
776 1787 807 1850 in
822 1809 885 1849 uno
901 1784 1006 1863 simili,
1016 1784 1093 1848 velis
1105 1781 1185 1848 nolis
1200 1786 1232 1849 in
1249 1786 1313 1849 alio
1324 1787 1487 1851 obtinebit.

539 1892 672 1954 Constat
696 1900 798 1951 tamen
822 1885 910 1971 quod
928 1908 1001 1948 vero
1023 1884 1123 1948 simile
1138 1898 1197 1964 est,
1213 1907 1275 1948 non
1296 1886 1404 1949 statim
1425 1909 1487 1949 esse

538 2011 659 2067 verum,
675 2002 706 2052 et
728 1988 815 2073 quod
838 1988 953 2050 falsum
977 1986 1117 2062 videtur,
1139 2008 1201 2049 uon
1226 2009 1352 2072 semper
1374 1987 1484 2052 falsum

536 2112 613 2155 esse.
633 2090 666 2153 Si
677 2089 911 2175 propositorum
925 2088 1071 2151 similium
1083 2087 1374 2153 dissimilitudinem
1384 2090 1487 2155 niteris

536 2190 667 2277 aperire,
691 2212 755 2252 rem
783 2192 907 2254 inanum
935 2189 1126 2274 aggrederis.
1171 2194 1236 2254 Aut
1263 2189 1347 2254 enim
1379 2206 1412 2255 te
1439 2192 1486 2255 rel

536 2292 670 2355 clamore
686 2288 871 2376 praepediet,
887 2303 944 2354 aut
960 2289 1150 2376 superfluam
1168 2312 1297 2376 operam
1312 2291 1469 2357 deridebit
1478 2319 1487 2369 ;

536 2415 635 2479 quum
648 2395 789 2457 omnium
802 2390 950 2454 similium
965 2394 1105 2476 aliquam
1118 2390 1411 2457 dissimilitudinem
1422 2417 1487 2458 esse

536 2505 691 2580 oporteat.
736 2490 885 2576 Alioquin
914 2513 975 2553 non
1004 2506 1069 2556 tam
1100 2491 1225 2568 similia,
1252 2514 1348 2578 quam
1380 2478 1497 2556 eadem⁰

536 2596 650 2660 merito
660 2617 726 2658 esse
741 2592 897 2656 dicentur.
922 2594 1044 2656 Docere
1057 2615 1115 2656 cur
1126 2593 1171 2657 ita
1181 2614 1243 2657 non
1258 2594 1310 2670 sit,
1321 2616 1384 2658 non
1398 2594 1488 2659 modo

537 2697 698 2772 frivolum,
711 2693 765 2760 sed
777 2693 919 2759 irrisione
931 2694 1151 2780 dignissimum
1162 2694 1341 2778 judicatur.
1375 2698 1486 2761 Statim

536 2801 694 2884 quaeritur
708 2820 747 2860 an
770 2795 846 2859 velis
860 2796 1047 2860 concionari.
1085 2796 1206 2860 Dicunt
1227 2818 1261 2860 se
1277 2810 1314 2861 ut
1329 2798 1488 2883 Peripate-

536 2903 648 2980 ticum,
662 2921 724 2962 non
741 2901 973 2982 Hermagoram
996 2897 1141 2974 audiant,
1156 2898 1358 2972 convenisse;
1389 2921 1485 2984 quum

537 3014 641 3065 tamen
663 2998 917 3063 deambulatione
938 3010 968 3061 et
989 2998 1206 3063 circumitione
1227 3001 1350 3066 riarum
1374 3004 1487 3087 potius,

536 3124 633 3186 quam
663 3099 808 3185 diligenti
838 3099 1081 3183 investigatione
1110 3123 1228 3181 rerum,
1260 3102 1488 3188 Peripateticos

536 3203 711 3268 imitentur.
752 3200 784 3264 Si
800 3213 904 3264 tamen
920 3200 988 3264 haec
1003 3201 1043 3264 ad
1059 3202 1181 3286 copiam
1197 3202 1391 3287 eloquentiae
1406 3224 1486 3266 corn·

534 3302 707 3387 parandam
737 3312 922 3365 exerceatur
946 3300 1147 3384 disceptatio,
1173 3317 1204 3365 et
1232 3302 1347 3366 similia
1372 3317 1404 3367 et
1429 3302 1489 3366 dis-

536 3403 649 3467 similia
659 3399 900 3483 conquirantur,
911 3402 1094 3466 exercitium
1111 3403 1241 3488 quidem
1255 3402 1417 3469 laudabile
1432 3417 1487 3475 est,

535 3515 567 3566 et
589 3524 655 3586 quo
676 3498 763 3562 aliud
787 3521 853 3562 esse
875 3500 1107 3567 conducibilius
1120 3504 1297 3588 juventuti,
1314 3527 1377 3569 non
1399 3503 1487 3570 facile

535 3602 682 3677 dixerim,
703 3599 878 3664 dummodo
900 3603 1096 3667 fallaciarum
1119 3604 1203 3668 nube
1226 3605 1408 3693 multiplici,
1431 3605 1488 3669 sibi

535 3723 736 3787 nequaquam
759 3703 930 3789 perstringi
953 3706 1060 3769 oculos
1083 3708 1255 3790 patiantur.
1295 3707 1385 3771 Nihil
1407 3708 1487 3771 enim

536 3805 657 3879 utilius,
670 3802 748 3866 nihil
764 3804 804 3868 ad
816 3803 949 3890 gloriam
967 3818 1022 3869 aut
1036 3828 1084 3868 res
1095 3805 1284 3893 aquirendns
1294 3807 1489 3871 commodius

530 3906 705 3994 juventuti,
731 3929 827 3986 qnam
857 3906 1049 3992 eloquentia,
1076 3930 1151 3993 quae
1180 3931 1222 3972 cx
1249 3931 1288 3972 eo
1318 3909 1487 3994 plurimum

534 4020 748 4092 comparatur,
773 4008 797 4070 si
825 4031 929 4071 rerum
955 4008 986 4070 in
1014 4021 1128 4085 mente,
1151 4020 1183 4073 et
1205 4009 1236 4073 in
1259 4032 1315 4073 ore
1337 4012 1429 4097 copia
1449 4010 1487 4072 sit

535 4109 711 4172 verborum.
759 4109 864 4172 Verba
881 4131 1018 4194 namque
1034 4110 1175 4194 proferre
1196 4111 1293 4174 rebus
1313 4109 1487 4196 incognitis,

533 4210 718 4292 desipientis
744 4211 849 4291 potius
876 4231 973 4293 quarn
999 4209 1141 4275 docentis
1168 4225 1226 4289 est,
1249 4226 1306 4277 aut
1330 4212 1486 4278 discentis.

536 4308 658 4373 Multos
674 4308 796 4372 videbis
812 4309 1007 4392 hujusmodi,
1025 4311 1081 4396 qui
1107 4325 1209 4375 totum
1235 4311 1331 4399 longo
1346 4314 1485 4377 detinent
