3550 5467
545 681 608 738 860
805 691 940 736 soranis
956 691 1237 738 sanusnumuusrs
1324 678 1408 752 [uro.
1422 696 1486 740 viu.

541 830 699 931 judicium
722 841 908 914 celebretur,
932 851 963 902 et
989 839 1137 925 princeps
1162 843 1243 928 ejus,
1270 846 1326 928 qui
1352 844 1485 930 passione

545 945 665 1011 Christi
680 946 799 1029 ejectus
810 955 867 1015 est,
880 938 1003 1004 rediens
1015 942 1161 1005 scandala
1177 956 1319 1030 spargat,
1333 959 1369 1009 ut
1380 944 1484 1009 beatus

542 1047 594 1122 sit,
609 1045 665 1129 qui
680 1067 742 1109 nou
758 1042 884 1128 cupitur
901 1039 1067 1105 tendiculis
1083 1043 1166 1128 ejus:

891 1187 996 1197 —-
1008 1157 1128 1210 Tantone
1139 1176 1262 1212 novorum

645 1246 775 1298 Proventu
787 1244 914 1296 scelerum
925 1247 1042 1311 quoerunt
1052 1249 1109 1294 uter
1117 1244 1228 1315 imperet
1240 1245 1315 1297 orbi?

641 1332 698 1385 Vix
710 1331 777 1382 tenti
787 1328 873 1381 fuerat
883 1325 969 1381 civilia
979 1326 1049 1379 bella
1061 1345 1172 1393 movere,

642 1418 682 1470 Ut
692 1422 792 1469 neuter.

539 1521 753 1588 Rectissimam
783 1517 941 1582 eminendi
976 1518 1058 1581 viam
1096 1515 1206 1583 docuit
1238 1516 1400 1600 Christus,
1428 1518 1478 1605 qui

496 1705 500 1710 Ι
532 1621 706 1708 discipulos
731 1643 804 1686 suos
830 1620 960 1703 regibus
982 1618 1125 1703 gentium
1152 1618 1253 1685 noluit
1279 1621 1476 1697 conformari,

530 1738 567 1788 ut
597 1723 799 1787 dominentur
826 1722 859 1784 in
892 1719 1040 1798 subditis,
1065 1734 1097 1785 et
1123 1720 1178 1806 qui
1208 1733 1398 1807 potestatem
1424 1745 1476 1786 ex·

529 1838 649 1900 crceut,
672 1823 801 1888 benefici
825 1821 981 1896 dicantur,
1005 1820 1060 1884 sed
1083 1824 1140 1907 qui
1163 1822 1264 1906 major
1279 1835 1341 1902 eat,
1364 1837 1473 1908 sponte

528 1927 715 2002 minoretur,
731 1937 762 1989 et
774 1923 873 1989 solum
889 1945 956 2010 prae
967 1923 1100 1999 caeteris,
1111 1925 1196 2009 jure,
1209 1922 1329 2008 quiete,
1345 1924 1475 2000 viribus,

525 2041 557 2091 et
580 2028 780 2093 contentione
802 2039 933 2102 remota,
956 2025 1015 2089 sibi
1038 2025 1174 2089 vindicet
1202 2023 1341 2089 officium
1372 2026 1475 2090 minis-

525 2128 639 2192 trandi.
687 2134 728 2192 At
752 2127 803 2190 isti
834 2127 928 2190 aliam
955 2127 1178 2211 praetulerunt,
1204 2125 1413 2191 ascendentes
1435 2147 1472 2189 ex

520 2226 653 2290 adverso
675 2227 821 2304 fratrum,
853 2239 884 2288 et
908 2226 1111 2291 ministrandi
1141 2226 1322 2291 humilitate
1344 2229 1468 2313 rejecta,

518 2338 675 2413 appetunt
686 2348 753 2411 proe
764 2326 894 2409 regibus
908 2328 1052 2410 gentium
1066 2328 1232 2392 dominari.
1257 2327 1467 2393 Necdubium

517 2427 593 2515 quin
610 2426 843 2512 refrigescente,
858 2429 923 2492 imo
937 2427 1078 2493 extincta
1092 2429 1234 2507 caritate,
1250 2428 1357 2493 sedem
1380 2452 1466 2495 suam

516 2545 548 2594 et
566 2530 627 2616 ipsi
644 2542 763 2615 poumu
778 2527 818 2591 ad
841 2529 1030 2615 aquilonem.
1078 2530 1243 2614 Siquidem
1260 2530 1465 2618 “productos

516 2631 611 2696 odere
626 2634 745 2717 pares.’‘
774 2630 908 2694 Utinam
924 2630 1052 2715 sequuti
1063 2643 1179 2707 esseut,
1195 2635 1302 2718 quiea
1316 2633 1463 2698 viderunt

514 2745 669 2818 tempora,
681 2731 846 2796 consilium
859 2735 967 2811 Bruti,
981 2754 1000 2793 a
1013 2754 1079 2817 quo
1090 2753 1175 2810 eum,
1186 2732 1373 2798 imminente
1381 2735 1463 2799 bello

512 2832 609 2907 civili,
635 2831 767 2897 Catonis
793 2830 908 2895 avertit
935 2832 1117 2895 auctoritas.
1162 2833 1356 2898 Decreverat
1379 2836 1459 2900 euim

504 2954 622 2996 <manus
633 2954 705 2995 suas
717 2931 757 2995 ab
768 2931 864 2995 armis
872 2931 1032 2996 continere
1040 2931 1197 3008 civilibus,
1208 2933 1330 3018 quibus
1340 2949 1459 3022 quanto

508 3033 647 3115 quisque
660 3028 811 3094 libentius
821 3041 853 3094 et
869 3029 983 3094 fortius
997 3029 1202 3106 immiscetur,
1214 3043 1306 3097 tanto
1320 3033 1459 3120 iniquior

507 3143 540 3195 et
554 3130 720 3194 immanior
734 3143 792 3193 est.
837 3130 898 3195 Ait
913 3154 1003 3216 ergo:

611 3247 689 3299 Nunc
698 3263 782 3314 nequo
796 3244 914 3316 Pompeii
927 3247 1048 3312 Brutum,
1060 3265 1108 3300 neo
1121 3248 1363 3314 Castrianorum,

608 3331 662 3383 Sed
673 3330 772 3384 bellum
783 3332 887 3384 victoris
898 3331 990 3384 habes.

502 3433 537 3498 Si
559 3456 636 3519 ergo
653 3435 778 3522 sapiant
803 3435 846 3516 hi,
861 3457 921 3521 pro
943 3457 1079 3521 quorum
1103 3435 1245 3499 dominio
1260 3436 1450 3503 schismatici

498 3531 637 3614 litigant,
651 3557 704 3597 eos
727 3532 810 3599 solos
829 3555 1015 3599 concurrere
1035 3535 1209 3621 patiantur,
1224 3533 1372 3601 alterutri
1389 3560 1451 3601 me-

497 3643 590 3694 tuant
618 3654 711 3715 opem
742 3634 835 3709 ferre,
866 3635 977 3700 incerti
1007 3635 1081 3721 quis
1106 3635 1207 3701 victor
1235 3637 1370 3705 futurus
1397 3643 1447 3719 sit,

495 3729 638 3814 certique
652 3745 784 3813 quauta,
803 3754 901 3815 quam
917 3734 1024 3816 gravis
1038 3734 1130 3799 ruina
1144 3735 1237 3800 victis
1251 3737 1424 3806 immineat.

597 3843 680 3897 Nulla
691 3861 793 3909 manus,
805 3843 868 3897 belli
880 3852 998 3901 mutuato
1006 3850 1104 3921 judice,
1116 3867 1181 3920 pura
1192 3856 1240 3904 est.

493 3943 576 4008 Nom
592 3959 624 4011 et

594 4062 700 4116 Victrix
712 4080 790 4116 causa
803 4063 863 4117 Deo
875 4064 981 4136 placuit,
993 4066 1040 4118 sed
1053 4069 1120 4120 ricta
1132 4069 1237 4121 Catoni.

487 4163 636 4229 Gaudeat
652 4167 746 4252 plane
762 4168 911 4243 mundus,
929 4191 1031 4254 quum
1048 4170 1128 4235 aiter
1143 4171 1229 4237 solus
1245 4173 1370 4253 vicerit,
1386 4175 1440 4239 sed

481 4265 678 4348 propensiori
708 4267 835 4333 laetetur
865 4269 996 4354 gaudio,
1027 4270 1053 4333 si
1078 4271 1189 4336 vicerit
1213 4287 1362 4360 uterque,
1386 4276 1436 4340 vel
