3550 5467
405 800 475 850 cte.
493 783 541 863 v.]
781 800 1036 846 eoarcutrtcos
1297 788 1360 846 etr

405 968 480 1027 tate,
496 953 579 1016 alter
594 953 626 1015 in
641 953 827 1015 necessitate
846 953 1002 1026 consistit,
1017 962 1049 1014 et
1064 966 1185 1036 quanto
1199 955 1362 1039 appetitus

401 1056 482 1141 justi
495 1057 555 1140 qui
570 1056 603 1117 in
618 1055 781 1118 voluntate
796 1068 854 1129 est,
865 1054 1003 1139 amplius
1014 1055 1137 1129 crescit,
1150 1069 1238 1119 tauto
1250 1057 1361 1122 melior

405 1173 464 1233 est,
480 1173 513 1220 et
527 1157 649 1241 dignus
663 1156 807 1243 ampliori
829 1156 1035 1220 beatitudine.
1074 1156 1155 1219 Nam
1172 1157 1265 1222 nimis
1282 1159 1361 1222 velle

407 1259 493 1345 quod
507 1261 634 1346 justum
659 1273 720 1332 est,
735 1282 827 1322 neruo
849 1273 967 1344 potest,
985 1258 1041 1320 nisi
1066 1259 1150 1324 forte
1168 1264 1241 1344 quis
1264 1276 1359 1347 queat

407 1386 474 1426 esse
493 1363 606 1447 justus
627 1361 770 1436 nimium,
793 1374 849 1425 aut
871 1362 993 1425 beatus.
1033 1364 1131 1425 Porro
1154 1362 1179 1423 ai
1199 1363 1360 1448 appetitus

406 1463 564 1527 commodi
592 1485 772 1526 mensuram
804 1463 997 1528 necessitatis
1022 1463 1166 1539 excedat,
1193 1464 1294 1547 vergit
1320 1464 1360 1527 ad

407 1565 548 1650 culpam,
575 1578 606 1628 et
633 1564 819 1650 cupiditatis
843 1563 999 1637 conscius,
1021 1561 1081 1627 sibi
1103 1562 1252 1626 vitiorum
1277 1564 1359 1648 parit

407 1671 575 1751 originem.
614 1665 709 1729 Alter
727 1688 804 1750 ergo
826 1667 972 1741 istorum,
987 1663 1136 1750 quoniam
1156 1663 1268 1728 militat
1284 1666 1362 1727 cari-

408 1770 480 1844 tati,
497 1768 615 1854 querit
634 1790 706 1853 quae
723 1767 782 1831 Dei
804 1783 898 1831 sunt:
924 1766 1004 1829 alter
1019 1766 1050 1828 in
1072 1765 1201 1852 propria
1222 1766 1361 1830 utilitate

409 1885 567 1950 versatur,
582 1882 775 1955 postponens
789 1892 864 1954 quae
882 1867 941 1932 Dei
959 1882 1044 1945 sunt,
1059 1882 1114 1931 aut
1132 1868 1361 1952 proximorum.

409 1972 460 2036 Ab
477 1972 535 2035 hoc
550 1970 671 2055 duplici
688 1971 776 2034 fonte
795 1994 897 2034 mores
911 1970 1068 2035 oriuntur.
1109 1971 1201 2034 llecti
1219 1971 1360 2056 quidem,

410 2075 434 2137 si
450 2072 546 2137 faciat
561 2072 633 2158 quis
653 2072 716 2147 alii,
733 2072 820 2156 quod
837 2072 895 2135 sibi
921 2070 989 2135 vult
1006 2071 1084 2148 lieri,
1100 2086 1132 2136 et
1155 2072 1248 2136 abeo
1263 2073 1360 2138 absti-

410 2185 482 2239 neat
501 2174 555 2237 alii
577 2173 756 2249 inferendo,
772 2173 858 2257 quod
883 2171 943 2236 sibi
965 2173 1061 2238 nollet
1084 2174 1125 2238 ab
1140 2174 1203 2238 alio
1217 2174 1359 2260 irrogari.

412 2276 547 2341 Distorti
558 2297 644 2348 vero,
657 2275 766 2360 siquis
777 2274 872 2336 alium
883 2273 991 2350 laedat,
1002 2275 1050 2339 vel
1063 2299 1124 2340 non
1135 2277 1246 2362 prosit,
1258 2299 1359 2363 quum

409 2378 519 2464 possit,
535 2400 608 2463 quoe
629 2376 758 2461 quidem
782 2377 943 2459 utrimque
966 2378 1182 2465 multipliciter
1203 2379 1295 2445 liunt.
1333 2389 1359 2446 A

409 2481 515 2565 priore
529 2478 661 2565 quidem
674 2501 762 2541 amor
777 2479 941 2561 libertatis,
952 2503 1040 2544 arnor
1050 2482 1173 2565 patriae,
1186 2495 1217 2544 et
1234 2483 1360 2546 tandem

409 2598 634 2647 extraneorum
650 2601 748 2642 amor.
786 2584 868 2645 Nam
891 2581 1066 2645 libertatem
1088 2603 1148 2644 non
1170 2604 1276 2643 amare
1298 2605 1360 2645 non

410 2699 527 2772 potest,
547 2683 602 2769 qui
626 2706 658 2746 se
675 2685 780 2769 ipsum
804 2698 835 2746 et
858 2685 991 2769 patriam
1016 2698 1118 2747 amat:
1150 2695 1181 2746 et
1204 2684 1235 2744 in
1259 2683 1361 2765 gradu

410 2812 468 2853 suo
498 2801 698 2864 extraneum,
728 2785 911 2870 quicunque
945 2787 1064 2848 sincera
1093 2786 1224 2849 caritate
1257 2783 1362 2868 diligit

409 2892 606 2976 proximum.
639 2887 800 2973 Siquidem
818 2891 849 2950 in
866 2911 904 2950 eo
919 2887 1062 2952 consistit
1077 2886 1190 2950 caritas
1206 2886 1362 2952 ordinata,

411 2993 461 3057 Ab
486 2996 587 3055 altero
614 3013 689 3053 vero
717 2990 875 3075 cupiditas
901 2988 1124 3051 dominationis
1149 2987 1305 3072 procedit,
1331 3004 1361 3053 et

410 3094 514 3159 laudis
538 3109 569 3158 et
594 3093 716 3176 glorioe,
739 3107 770 3156 et
794 3091 874 3155 adeo
897 3090 1070 3165 invalescit,
1093 3105 1130 3153 ut
1153 3113 1191 3152 ex
1216 3090 1363 3175 opinione

410 3196 596 3269 multorum,
618 3216 669 3257 res
691 3208 796 3259 tamen
820 3214 930 3277 parum
952 3191 1160 3256 consideratas
1180 3193 1361 3258 examinan-

411 3296 490 3361 tium
515 3296 690 3361 virtutibus
706 3305 961 3358 connumeretur.
1001 3292 1081 3354 Nam
1102 3292 1158 3375 qui
1179 3306 1299 3356 rectum
1317 3317 1364 3357 sa-

410 3399 515 3484 piunt,
527 3399 587 3461 hoc
603 3398 690 3462 vitiis
706 3396 882 3483 majoribus
894 3408 1081 3479 aggregant,
1095 3393 1165 3457 licet
1181 3394 1223 3458 ab
1238 3395 1364 3482 imperi-

411 3501 462 3576 tis,
479 3499 534 3584 qui
557 3512 661 3562 tamen
685 3501 864 3583 sapientum
887 3507 1054 3558 censentur
1077 3494 1212 3568 nomine,
1230 3495 1363 3560 virtutes

411 3601 537 3665 subesse
554 3599 732 3663 videantur.
765 3597 859 3664 Unde
870 3612 901 3660 et
916 3612 1035 3660 veteres
1047 3595 1205 3683 primique
1217 3600 1364 3678 Romani,

411 3718 506 3789 prout
517 3725 628 3765 eorum
641 3702 733 3764 docet
745 3715 776 3763 ct
788 3698 987 3762 commendat
1001 3698 1141 3773 historia,
1154 3698 1256 3763 laudis
1266 3701 1363 3777 avidi,

411 3806 553 3889 pecuniae
577 3803 721 3868 liberales
743 3816 842 3865 erant.
890 3801 1056 3885 Ingentem
1080 3799 1213 3883 gloriam
1234 3818 1363 3890 appete-

411 3908 487 3971 bant
510 3906 632 3971 divitiis
653 3905 778 3991 spretis,
794 3918 826 3968 et
850 3903 1044 3967 honestatem
1068 3904 1199 3968 utilitati
1221 3920 1364 3990 quantae-

412 4009 487 4073 libet
498 4008 724 4095 praeferebant.
753 4009 846 4070 Hanc
858 4006 987 4091 quidem
1001 4004 1133 4089 gloriam
1146 4006 1364 4070 ardentissime

412 4112 606 4185 dilexerunt,
632 4132 670 4171 eo
700 4122 798 4171 totam
831 4108 1001 4171 referentes
1031 4107 1126 4170 vitam
1158 4121 1189 4170 et
1222 4119 1364 4169 mortem.

412 4216 554 4279 Foeteras
580 4209 772 4295 cupiditates
797 4208 894 4295 hujus
924 4209 1018 4271 unius
1042 4208 1166 4294 vigente
1189 4204 1364 4291 cupiditate

412 4325 608 4396 presserunt.
650 4312 757 4395 Ipsam
779 4305 918 4393 denique
935 4309 1071 4392 patriam
1094 4328 1192 4376 suam,
1215 4303 1362 4388 quoniam

411 4414 529 4477 servire
559 4411 729 4476 ridebatur
758 4411 940 4494 inglorium,
970 4407 1125 4471 dominari
1162 4429 1234 4469 vero
1268 4418 1365 4491 atque
