3550 5467
310 735 378 780 cae.
393 717 482 797 rua]
662 739 917 785 marcaarrcns.
1225 730 1265 786 47

309 901 340 951 er
365 887 443 952 duci
467 887 581 952 cedere
606 890 696 970 regni
719 893 970 969 successionem,
987 904 1026 962 ,et
1049 892 1146 956 totius
1172 895 1263 975 regni

309 1009 455 1072 proceres
484 998 517 1052 et
555 989 698 1053 militiam
736 990 892 1055 fidelitate
930 992 1073 1075 praestita
1110 993 1261 1075 obligare.

309 1090 453 1154 Transeo
470 1090 511 1154 ad
527 1091 729 1155 obsidionem
746 1092 916 1171 chinonis,
932 1094 1008 1176 quia
1024 1094 1070 1156 ibi
1083 1096 1208 1175 Anglos
1229 1108 1262 1159 ot

309 1193 525 1268 Normaunos,
541 1214 623 1275 quos
638 1193 706 1277 jam
722 1194 895 1277 multiplex
910 1195 1137 1259 confoederatio
1153 1197 1264 1276 univit,

307 1294 491 1378 praecipuos
513 1310 546 1358 et
567 1295 668 1376 magis
690 1308 837 1359 strenuos
857 1297 891 1358 in
916 1298 1064 1378 captione
1087 1297 1182 1360 castri
1206 1319 1263 1362 ex·

309 1394 423 1472 titisse,
448 1394 557 1458 nrrllus
583 1395 721 1475 ignorat.
767 1396 851 1459 Nam
873 1398 953 1460 sileo
976 1396 1017 1460 de
1044 1398 1206 1475 Nanneto,
1232 1410 1266 1462 et

308 1503 378 1557 toto
407 1496 539 1558 minoris
561 1497 750 1576 Britanniae,
774 1498 921 1579 quamvis
944 1496 1074 1578 grandis
1101 1499 1266 1582 provincia

310 1597 362 1674 sit,
377 1599 544 1676 comitatu,
562 1598 618 1681 qui
640 1598 770 1661 rebellis
792 1609 876 1661 esset
898 1598 933 1660 in
955 1597 1148 1661 hodiernum
1169 1599 1266 1668 diem,

308 1698 372 1762 nisi
400 1700 498 1763 robur
527 1698 632 1780 gentis
653 1700 829 1781 Anglorum
856 1711 944 1761 esset
973 1699 1146 1763 formidini.
1191 1701 1265 1763 Hoc

307 1801 415 1884 ipsum
436 1811 492 1864 aut
510 1801 639 1877 veritus,
662 1813 718 1864 aut
740 1821 848 1864 amore
868 1810 901 1863 et
923 1801 1036 1864 virtute
1057 1802 1190 1864 allectus
1206 1802 1266 1879 (in-

309 1911 432 1966 certum
443 1913 493 1965 est
504 1902 601 1982 enim)
614 1903 747 1966 illustris
759 1903 964 1965 Blesensium
975 1912 1007 1965 et
1019 1903 1266 1967 Camotensinnr

311 2025 421 2067 comes
442 2014 556 2080 castra,
577 2025 650 2087 quae
673 2004 840 2089 pupillaris
861 2005 965 2067 aetatis
985 2014 1129 2088 tempore
1149 2006 1267 2070 amissa

311 2104 446 2180 fueraut,
474 2103 606 2167 ducatui
637 2106 897 2168 Normannnrum
926 2105 1073 2168 restituit.
1119 2107 1267 2188 Longum

311 2217 361 2269 est
383 2207 411 2269 si
433 2207 557 2290 inclyta
579 2216 671 2288 gesta
691 2208 774 2269 tanti
796 2208 952 2292 principis
974 2229 1158 2272 enumerare
1189 2231 1265 2273 con·

310 2306 457 2382 tendam
493 2327 564 2390 quae
585 2306 668 2370 sicut
687 2327 801 2370 omnes
823 2306 970 2371 admirari
991 2329 1124 2372 necesse
1145 2320 1204 2386 est,
1224 2309 1269 2373 ita

312 2410 410 2493 plene
425 2408 608 2472 describere
628 2407 839 2491 impossibile.
884 2409 956 2472 Nec
978 2431 1039 2491 ego
1056 2411 1174 2476 viribus
1188 2412 1269 2476 meis

312 2530 437 2594 arrogo,
458 2509 491 2572 in
515 2529 590 2592 quo,
612 2508 639 2571 si
657 2508 754 2592 juxta
775 2509 989 2592 praecedentis
1010 2512 1119 2591 gratiae
1139 2533 1269 2576 cursum

312 2611 377 2675 sibi
415 2609 473 2673 diu
514 2608 727 2672 successerint
767 2629 931 2692 prospera,
968 2609 1081 2673 sudare
1119 2622 1270 2695 poterunt

313 2711 459 2789 Orosius,
484 2711 702 2793 Hegesippus,
726 2722 759 2774 et
786 2712 924 2793 Trogus.
969 2709 1129 2775 Caeterum
1161 2713 1267 2777 adole·

316 2812 448 2878 scentia
470 2812 577 2876 exitus
599 2813 640 2875 ab
658 2812 818 2895 aliquibus
841 2823 1010 2895 suspectus
1025 2823 1085 2888 est,
1101 2825 1133 2877 et
1148 2814 1269 2878 utinam

315 2915 432 2978 frustra
446 2935 467 2977 a
480 2914 574 2977 bonis
589 2914 748 2977 timeatur.

314 3206 396 3290 Cap.
415 3208 464 3268 19.
489 3206 539 3268 De
552 3208 672 3270 bonore
688 3206 850 3270 militibus
864 3207 1055 3286 exhibendo,
1066 3216 1098 3270 et
1111 3207 1271 3270 modestia

358 3307 557 3370 indicenda:
594 3317 626 3370 et
651 3311 710 3392 qui
730 3309 860 3370 militia
880 3317 986 3372 ortem
1007 3309 1218 3386 tradiderint,
1240 3317 1271 3371 et

358 3409 528 3491 generalia
544 3410 692 3493 quedam
707 3418 873 3492 praecepta
887 3432 1008 3474 eorum.

359 3541 451 3614 Qum
480 3563 585 3606 moror
612 3543 646 3605 in
672 3543 951 3606 commendatione
973 3545 1089 3626 gentis,
1112 3567 1209 3629 quarn
1231 3547 1272 3610 de

316 3653 431 3706 natura
452 3654 580 3708 constat
609 3666 678 3709 esse
703 3644 924 3708 laudabilem?
962 3647 1083 3711 Beatus
1104 3649 1273 3730 Engenius

317 3764 389 3807 eam
412 3743 455 3808 ad
477 3765 678 3830 quaecunque
701 3746 796 3809 vellet
819 3747 986 3830 applicari,
1007 3748 1092 3811 dixit
1111 3770 1182 3812 esse
1201 3750 1272 3814 idn·

315 3865 423 3924 neam,
444 3856 478 3908 et
499 3846 732 3928 praeferendam
756 3848 836 3926 aliis,
859 3849 922 3911 nisi
947 3849 1061 3913 levitas
1089 3850 1271 3933 impediret.

318 3945 384 4010 Sed
406 3947 502 4010 sicuti
525 3948 693 4011 Hannibal
716 3951 858 4028 negabat
879 3971 973 4033 posse
1002 3951 1086 4013 vinci
1109 3952 1275 4015 Romanos

317 4048 383 4111 nisi
412 4048 446 4112 in
475 4049 580 4131 patria
608 4070 677 4124 sua,
699 4049 742 4111 ita
773 4062 806 4113 et
834 4051 917 4130 haec,
940 4052 1016 4115 dnm
1044 4054 1274 4136 peregrinatur,

317 4150 517 4215 invincibilis
539 4162 597 4214 est
632 4153 729 4214 ‘Nam
759 4152 791 4213 in
814 4153 946 4217 sedibus
976 4155 1043 4218 suis
1073 4152 1196 4215 facilins
1218 4173 1276 4214 ex-

318 4263 489 4334 pugnatur.
537 4253 611 4315 Hoc
635 4265 741 4316 autem
765 4253 844 4316 forte
867 4275 1038 4317 commune
1062 4253 1183 4313 habent
1201 4270 1274 4313 cnm

318 4353 443 4418 crateris
465 4353 614 4433 gentibus
635 4354 750 4417 incolae
774 4356 1008 4419 Britanniamm
1038 4364 1132 4435 atque
1164 4352 1275 4415 ltalia.
