3550 5467
414 767 477 826 tot
672 775 809 822 massis
823 776 1110 824 saussnrmssms
1204 760 1287 840 [ms.
1300 779 1361 825 nn.

411 935 531 1012 ignara,
545 929 772 1046 avaritiasdum
792 951 852 1015 per
865 932 1025 995 exteriora
1044 943 1192 1014 vagatur,
1207 933 1362 997 edacitatis

411 1054 477 1096 sun
493 1047 669 1095 maceratur
678 1033 812 1117 Jejunio.
853 1034 900 1096 Ut
912 1053 989 1096 rero
1004 1034 1123 1097 maciei
1140 1057 1210 1098 sure
1225 1036 1361 1117 indigeo·

410 1137 485 1199 tiam
513 1135 654 1218 expleat,
681 1134 859 1217 prolabitur
887 1132 929 1196 ad
956 1133 1022 1198 duo
1053 1136 1163 1199 carnis
1195 1137 1272 1199 sitia
1298 1159 1361 1220 que

411 1246 599 1319 sequuntur.
630 1237 670 1297 ln
685 1236 804 1319 quibus
820 1236 923 1319 liquet
933 1235 1023 1319 quod
1040 1234 1082 1298 de
1093 1237 1217 1298 ventris
1232 1237 1361 1317 ingluvie

410 1335 538 1397 luxuria
557 1335 709 1412 nascitur,
724 1333 800 1396 dum
822 1335 857 1397 in
873 1335 946 1418 ipsa
965 1334 1198 1399 distributione
1215 1337 1362 1400 membro·

410 1456 490 1513 rum,
505 1437 607 1499 rentri
628 1436 782 1518 genitalia
799 1435 967 1499 rideantur
986 1457 1058 1499 esse
1073 1438 1237 1501 subnexa.
1275 1436 1361 1502 Uudc

412 1538 489 1601 dum
508 1560 605 1600 unum
622 1537 801 1601 inordinate
820 1538 972 1614 reficitur,
986 1537 1076 1601 aliud
1101 1539 1315 1622 proculdubio
1327 1538 1361 1602 sd

413 1639 625 1702 contumelias
646 1635 811 1701 excitatur.
849 1638 932 1700 Haec
954 1637 1085 1721 quidem
1102 1640 1293 1720 Gregorius,
1306 1640 1361 1702 imo

411 1762 471 1823 per
485 1741 676 1821 Gregorium
697 1739 835 1821 Spiritus
857 1748 999 1803 sanctus.
1037 1740 1092 1801 Ex
1111 1761 1179 1823 quo
1202 1740 1362 1804 constatci

411 1843 466 1926 qni
496 1843 538 1906 ad
565 1844 698 1905 salutem
727 1841 845 1918 tendit,
870 1841 1006 1923 primam
1034 1843 1200 1926 superbio)
1226 1844 1361 1907 sobolem

412 1943 672 2025 extinguendam.
699 1937 782 2012 Quae
794 1943 821 2004 si
832 1942 996 2024 paulisper
1008 1944 1219 2020 succreverit,
1227 1943 1360 2006 omnium

410 2046 559 2107 vitiorum
584 2044 714 2108 frutices
741 2042 782 2106 de
811 2064 856 2118 se,
879 2053 916 2104 ut
941 2042 1135 2126 praedictum
1163 2056 1227 2120 est,
1255 2044 1357 2128 gignit

412 2146 496 2208 Nam
523 2147 583 2208 etsi
611 2146 651 2207 sit
682 2144 769 2226 apud
795 2145 934 2228 aliquem
964 2145 1164 2230 quandoque
1194 2148 1363 2230 praecipua,

410 2265 614 2328 nequaquam
629 2244 783 2327 possibile
799 2255 859 2321 est,
874 2257 910 2309 ut
929 2245 970 2309 sit
984 2246 1065 2308 sola.
1104 2246 1139 2309 Si
1156 2247 1245 2310 enim
1261 2267 1362 2331 quem·

410 2345 498 2427 piam
510 2343 616 2406 inanis
628 2344 728 2424 gloria
738 2343 892 2420 stimulat,
903 2365 1035 2408 necesse
1046 2358 1108 2423 cst,
1118 2356 1154 2409 ut
1165 2367 1225 2431 per
1234 2348 1363 2430 abrupta

410 2446 559 2508 vitiorum
580 2464 728 2527 praeceps
742 2456 822 2506 ruat.
863 2445 937 2507 Hoc
959 2456 1009 2507 est
1027 2457 1135 2509 autern
1156 2444 1248 2530 quod
1263 2446 1363 2508 nobile

411 2559 559 2611 censetur
569 2547 692 2624 vitium,
700 2545 845 2628 adeoque
856 2545 1005 2609 humauae
1016 2547 1198 2628 fragilitatis
1209 2546 1364 2611 demulcet

411 2649 588 2731 ingenium,
599 2657 634 2711 ut
649 2648 704 2710 rix
720 2648 761 2710 sit
771 2648 821 2709 vel
836 2647 1029 2729 apraeclaris
1040 2650 1206 2714 mentibus
1217 2651 1362 2713 alienum.

412 2754 498 2816 Nam
518 2763 551 2815 et
565 2763 668 2814 ortum
690 2749 831 2813 nobilem
854 2749 962 2827 habet,
978 2749 1093 2833 suique
1112 2751 1279 2836 dispendii
1296 2771 1362 2834 pro·

410 2875 535 2917 cessum
567 2852 682 2928 nescit,
708 2861 880 2932 antequam
912 2872 931 2913 a
960 2850 1086 2932 fastigio
1117 2865 1259 2932 corruat,
1284 2850 1363 2936 quod

411 2958 542 3040 optarit.
588 2957 673 3018 Nam
699 2964 732 3016 et
761 2952 801 3015 de
828 2971 862 3013 se
888 2952 1024 3014 invicem
1051 2953 1131 3017 vitia
1156 2956 1313 3031 oriuntur,
1334 2962 1363 3016 at

411 3058 515 3120 inanis
533 3057 632 3138 gloria
651 3055 749 3119 etiam
768 3053 802 3116 in
820 3054 934 3116 virtute
954 3054 1087 3134 originis
1103 3077 1172 3118 suae
1197 3055 1269 3138 figit
1285 3054 1360 3119 radi·

411 3180 493 3222 cem.
538 3159 578 3220 ln
594 3180 659 3241 quo
675 3157 761 3219 enim
775 3154 912 3238 quisque
927 3174 993 3236 prae
1009 3156 1137 3218 crateris
1151 3158 1269 3239 pollet,
1282 3157 1314 3220 in
1328 3175 1361 3221 so

410 3261 473 3323 nisi
487 3258 571 3324 adsit
585 3258 779 3321 moderatrix
796 3257 908 3338 gratia,
924 3257 1049 3319 facilius
1064 3257 1265 3322 intumescit

409 3548 491 3629 Cap.
507 3551 537 3607 2.
562 3543 656 3618 Quod
682 3566 781 3608 ransc
805 3551 851 3609 est
875 3549 1071 3625 contemptor
1092 3547 1234 3624 gorm,-
1269 3555 1301 3610 et
1327 3547 1364 3609 dt

454 3647 559 3710 tribus
579 3650 656 3710 locis
675 3670 697 3711 o
718 3649 836 3728 quibus
857 3648 966 3711 laudis
987 3649 1126 3709 materia
1149 3650 1312 3713 trabitur:
1335 3653 1364 3711 et

453 3766 528 3828 quoe
545 3749 589 3810 sit
607 3751 680 3811 laus
700 3769 789 3828 vera,
808 3767 884 3830 quoe
898 3749 1055 3830 perfecto,
1077 3767 1151 3827 qun
1174 3757 1314 3822 neutro5
1334 3754 1363 3811 et

452 3852 491 3915 de
505 3852 717 3916 moderatione
732 3853 956 3932 largitionum.

453 3967 522 4035 V1x
543 3984 649 4036 tamen
673 3982 731 4045 est,
755 3970 810 4054 qui
833 3990 924 4033 ranoe
946 3969 1055 4051 gloria
1082 3990 1150 4032 nou
1177 3970 1314 4050 insistat,
1335 3978 1364 4034 ot

409 4097 480 4139 eam
496 4097 568 4160 qun
583 4075 623 4136 ab
639 4073 823 4135 hominibus
838 4083 897 4149 est,
911 4093 975 4134 non
999 4073 1216 4155 concupiscat
1230 4073 1364 4138 laudem.

410 4177 462 4240 td
477 4179 560 4240 hano
573 4175 626 4238 alii
643 4174 766 4248 virtute,
781 4173 834 4235 alii
855 4173 980 4237 virtutis
994 4173 1148 4254 imagine,
1164 4176 1221 4238 alii
1238 4186 1364 4250 natum,

410 4290 465 4340 aut
490 4278 623 4339 fortuna*
644 4272 802 4337 beneficio
824 4272 1082 4355 proficiscuntur.
1127 4274 1185 4337 Ex
1208 4276 1260 4339 his
1282 4275 1362 4340 enin

408 4378 511 4441 tribus
533 4376 624 4454 locis,
638 4374 757 4457 placuit
778 4375 955 4437 oratoribus
974 4374 1080 4437 laudis
1095 4396 1168 4439 esse
1192 4379 1361 4441 materiam.
