3550 5467
532 680 592 739 leo
797 699 933 744 scansis
949 660 1227 744 sinsshsmsssrs
1326 682 1410 762 [cm.
1425 697 1480 743 vn.

533 858 612 926 taut,
623 852 706 916 malo
718 850 881 914 stomacho
896 850 983 913 oneri
998 863 1083 915 sunt.
1119 852 1165 914 At
1181 872 1282 935 quum
1294 873 1333 913 ex
1350 847 1482 933 eoquod

529 965 630 1029 erant,
653 967 778 1018 mutata
798 967 883 1033 sunt,
907 968 976 1018 tum
998 952 1127 1016 demum
1150 953 1182 1016 in
1207 952 1288 1016 vires
1312 965 1482 1017 transeunt.

466 1140 468 1143 .
532 1055 671 1137 Sanguis
685 1056 768 1119 enim
784 1078 824 1118 ex
840 1055 950 1118 divino
961 1054 1112 1119 mandato
1126 1045 1304 1131 diducitur,
1315 1053 1395 1117 dum
1411 1052 1484 1115 vitia

532 1154 742 1220 declinantur.
795 1158 909 1220 Pastor
938 1154 1076 1219 ecclesiae
1106 1155 1232 1241 reptilia
1262 1169 1294 1218 et
1323 1151 1485 1217 immunda

531 1273 669 1320 mactare
684 1257 882 1342 praecipitur,
900 1270 931 1321 et
946 1255 1125 1321 comedere:
1149 1255 1237 1342 quod
1253 1255 1327 1320 licet
1342 1255 1382 1320 sd
1401 1278 1486 1318 voca-

533 1356 649 1422 tiouem
672 1361 816 1444 gentium
840 1358 969 1444 proprie
993 1357 1160 1433 referatur,
1180 1357 1230 1421 vel
1252 1357 1392 1444 exempli
1413 1380 1485 1420 cou-

532 1458 694 1524 formitate
713 1459 826 1523 docere
845 1472 963 1545 potest,
981 1471 1016 1522 ut
1036 1457 1195 1544 jugulatis
1216 1458 1392 1534 erroribus,
1414 1479 1485 1541 gen-

536 1559 640 1624 tilium
661 1561 810 1647 dogmata
826 1582 1030 1647 nequaquam
1053 1559 1247 1623 horreamus.
1293 1559 1386 1623 Dum
1402 1560 1486 1623 iuno

535 1667 682 1741 centiam,
712 1664 941 1749 frugalitatem,
969 1676 1188 1746 contemptum
1225 1661 1338 1725 mundi
1376 1661 1487 1725 docent

536 1766 751 1852 Pythagorici,
767 1765 958 1837 audientum
989 1764 1066 1828 dum
1082 1765 1212 1839 animas,
1230 1786 1310 1849 quas
1324 1763 1358 1826 in
1373 1762 1485 1826 coelum

535 1882 721 1944 evexerunt,
737 1867 908 1932 retrudunt
925 1868 956 1930 in
972 1888 1103 1952 corpora
1124 1867 1308 1941 bestiarum,
1319 1863 1486 1950 juguletur

536 1968 585 2030 vel
603 1968 705 2030 Plato.
744 1971 827 2031 Nam
842 1967 873 2030 in
889 1990 927 2030 eo
947 1964 1159 2050 Pythagoram
1177 1962 1269 2026 nimis
1284 1977 1414 2026 secutus
1428 1978 1485 2038 est,

537 2066 624 2149 quod
641 2071 723 2131 sicut
739 2079 880 2131 mortuos
894 2089 935 2130 ex
951 2065 1041 2140 vivis,
1057 2065 1104 2128 ita
1122 2087 1161 2128 ex
1178 2063 1313 2128 mortuis
1329 2067 1485 2149 reciproce

539 2168 626 2229 vivos
651 2167 716 2229 lieri
739 2165 858 2243 docuit,
880 2178 913 2229 et
936 2188 993 2252 per
1015 2164 1104 2230 varia
1129 2186 1262 2249 corpora
1284 2186 1345 2249 pro
1367 2184 1488 2228 morum

539 2266 694 2351 qualitate
709 2266 856 2352 migrare.
902 2267 999 2330 Unde
1013 2265 1116 2330 illud:

646 2391 708 2462 Ipse
720 2409 778 2459 ego,
789 2409 850 2443 nam
863 2392 978 2452 memini,
991 2391 1099 2464 Trojani
1111 2396 1227 2462 tempore
1238 2389 1312 2455 belli,

648 2477 807 2531 Panthoides
819 2478 975 2548 Euphorbus
986 2497 1066 2542 eram,
1078 2479 1120 2530 cui
1131 2483 1233 2548 pectore
1244 2477 1309 2530 laevo

648 2563 737 2617 Haesit
748 2564 781 2616 ab
793 2565 893 2617 diverso
904 2565 990 2631 gravis
1001 2564 1077 2616 hasta
1089 2564 1193 2616 minoris
1204 2562 1317 2615 Atridae.

542 2674 594 2739 Sic
609 2696 686 2759 ergo
700 2674 859 2759 legantur,
871 2689 908 2738 ut
918 2673 1089 2739 auctoritas
1099 2695 1160 2736 non
1171 2671 1357 2758 praejudicet
1370 2673 1492 2745 rationi,

540 2787 663 2838 namet
687 2774 800 2850 urtica,
820 2775 898 2838 dum
916 2774 1032 2858 legitur
1053 2795 1133 2848 rosa,
1150 2772 1346 2858 quandoque
1366 2795 1492 2837 manum

543 2876 703 2962 tangentis
719 2876 793 2940 urit.
839 2873 1000 2961 Sapientia
1022 2873 1177 2958 siquidem
1199 2873 1270 2936 foos
1286 2874 1419 2960 quidam
1434 2887 1492 2950 est,

542 2976 584 3040 de
610 3000 675 3059 quo
699 2977 908 3060 egrediuntur
936 2973 1080 3050 flumina,
1106 2996 1180 3060 quae
1211 2975 1346 3060 irrigant
1370 2998 1493 3039 omnem

544 3091 671 3155 terram,
682 3091 713 3141 et
726 3101 788 3142 noo
800 3078 896 3142 modo
905 3075 1032 3141 hortum
1044 3075 1230 3140 deliciarum
1242 3075 1360 3142 divinae
1372 3077 1495 3164 paginae

543 3178 679 3262 replent,
690 3179 744 3242 sed
756 3184 851 3245 etiam
863 3178 904 3243 ad
919 3192 1027 3261 gentes
1038 3191 1272 3263 pertranseunt,
1283 3191 1320 3242 ut
1332 3201 1391 3242 uec
1401 3181 1495 3242 etiam

547 3280 755 3366 AEthiopibus
770 3282 898 3345 omniuo
917 3280 1030 3343 desint.
1078 3278 1156 3343 Inde
1180 3292 1252 3343 sunt
1274 3278 1392 3359 floridi,
1407 3279 1496 3344 redo-

545 3381 654 3462 lentes,
663 3396 695 3445 et
707 3383 865 3445 fructiferi
876 3383 1021 3467 gentium
1031 3381 1125 3455 horti,
1137 3404 1218 3466 quos
1230 3381 1255 3444 si
1267 3382 1349 3446 forte
1361 3382 1494 3468 simplex

544 3480 641 3544 lector
657 3482 845 3566 ingreditur,
861 3506 985 3568 semper
1000 3483 1116 3568 poetici
1131 3483 1216 3547 illius
1230 3482 1421 3560 meminerit,

649 3599 704 3661 Qui
716 3598 804 3666 legitis
815 3599 900 3664 flores,
913 3606 940 3652 et
950 3601 1025 3652 humi
1036 3601 1169 3652 nascentia
1182 3599 1264 3668 fraga,

649 3684 781 3752 Frigidus,
794 3704 809 3738 o
820 3687 904 3756 pueri,
916 3684 1000 3752 fugite
1010 3686 1082 3750 hinc,
1093 3685 1160 3738 latet
1171 3688 1265 3754 anguis
1276 3687 1304 3738 in
1315 3687 1405 3739 herba

549 3791 629 3854 Nam
647 3803 677 3854 et
692 3811 786 3874 poma
798 3788 1026 3875 Hesperidum,
1038 3811 1112 3874 quae
1123 3787 1218 3852 draco
1235 3789 1370 3874 pervigil
1383 3802 1497 3863 servat,

546 3890 653 3955 nullus
668 3903 810 3975 asportat
827 3894 973 3975 ignavus,
988 3904 1045 3955 aut
1062 3891 1118 3974 qui
1141 3892 1315 3978 scripturas
1330 3913 1393 3954 non
1409 3890 1498 3977 quasi

549 3992 682 4078 vigilans
697 3992 820 4076 legerit,
833 3992 887 4055 sed
903 3991 995 4076 quasi
1010 3991 1186 4055 dormitans
1200 3992 1415 4066 somniaverit,
1428 4014 1464 4055 ac
1475 3991 1500 4053 si

548 4097 587 4160 ad
601 4096 695 4159 {inem
707 4093 925 4176 legendorum,
939 4107 1031 4156 utens
1043 4092 1229 4170 calcaribus,
1241 4109 1400 4179 properet.
1425 4094 1499 4157 Cer·

510 4207 516 4216 “
550 4217 618 4261 tum
639 4195 778 4281 estquis
802 4193 903 4257 fidelis
925 4195 1032 4270 lector,
1046 4209 1080 4257 et
1101 4193 1253 4278 prudens,
1269 4208 1300 4257 et
1323 4195 1381 4280 qui
1405 4192 1500 4256 literis

549 4321 587 4362 ex
604 4323 709 4362 amore
725 4295 880 4382 invigilat,
898 4294 974 4359 vitia
990 4317 1112 4379 semper
1134 4292 1290 4369 excludit,
1308 4308 1337 4356 et
1355 4295 1387 4357 in
1404 4291 1499 4357 omni·
