3550 5467
343 732 505 811 car.xv1.]
681 749 937 796 marcuarrcus.
1252 739 1293 796 39

339 900 485 968 civilibus
515 901 641 978 fuderit,
665 902 769 966 noluit
798 902 969 982 annotari]
1028 899 1137 983 Signis
1166 905 1291 969 collatis

336 1002 549 1086 quinquagies
571 1013 605 1066 et
623 1002 675 1066 bis
697 1002 872 1067 dimicavit.
919 1005 969 1066 M.
991 1002 1181 1066 Marcellum
1202 1004 1290 1067 solus

336 1123 567 1185 supergressus,
589 1103 644 1187 qui
665 1103 775 1166 novies
797 1114 829 1166 et
850 1102 956 1166 tricies
979 1103 1047 1185 pari
1073 1100 1168 1164 modo
1190 1102 1290 1166 suerat

334 1204 505 1285 prauam.
549 1201 600 1266 Ad
630 1203 700 1267 haec
731 1204 838 1267 nullus
861 1204 1000 1267 celerius
1029 1203 1168 1285 scripsit,
1192 1224 1288 1267 nemo

335 1304 476 1369 velocius
501 1305 592 1384 legit,
614 1315 787 1388 quaternas
811 1305 907 1367 etiam
930 1304 1082 1387 epistolas
1103 1303 1287 1386 perhibetur

333 1405 426 1469 simul
442 1405 592 1470 dictasse.
639 1406 846 1486 Benignitate
866 1404 947 1469 adeo
967 1404 1132 1488 praeditus,
1149 1415 1184 1469 ut
1204 1428 1285 1491 quos

334 1507 429 1571 armis
443 1509 622 1590 subegerat,
638 1507 808 1570 clementia
823 1508 925 1588 magis
940 1508 1058 1570 vicerit.

411 1701 491 1785 Cap.
510 1705 560 1765 16.
587 1700 665 1766 Quoe
679 1700 865 1762 nostratibus
880 1699 965 1762 mula
977 1703 1160 1782 proveniant
1175 1704 1213 1764 ab

659 1800 954 1883 indisciplinatione.

378 1938 446 1999 Suu
472 1935 550 2019 quid
572 1936 728 2018 majorum
752 1936 900 1998 virtutem
923 1937 1055 2019 replico,
1077 1946 1110 1999 et
1131 1936 1284 2000 revolvo?

336 2037 462 2100 Defecit
477 2047 556 2100 ictas
578 2048 697 2110 nostra,
713 2045 745 2098 et
767 2035 831 2097 fere
854 2035 896 2098 ad
919 2035 1055 2098 nibilum
1077 2036 1208 2100 redacta
1230 2048 1288 2115 est,

285 2152 287 2154 ’
336 2139 509 2201 bonoribus
546 2137 744 2212 intumescit,
777 2136 935 2200 honorum
975 2139 1124 2201 nesciens
1158 2138 1286 2219 gradus,

336 2240 474 2304 vanitate
485 2239 652 2303 nominum
664 2237 848 2311 delectatur,
861 2247 1022 2302 contemta
1036 2260 1139 2301 rerum
1150 2240 1289 2303 vanitate

335 2352 367 2405 et
389 2342 506 2405 fructu.
553 2341 691 2416 Aleator,
713 2360 843 2421 auceps,
868 2340 1020 2423 quodque
1043 2341 1145 2421 magis
1166 2341 1289 2418 mirere,

334 2443 526 2519 stulticines,
547 2453 582 2504 et
603 2441 659 2526 qui
679 2461 842 2524 nunquam
865 2441 967 2502 virilia
988 2452 1210 2516 tractaverunt,
1231 2442 1288 2505 scd

334 2565 440 2626 neque
455 2555 532 2607 nota
546 2543 728 2606 babuerunt
741 2542 858 2618 officia,
871 2563 970 2625 quum
982 2542 1023 2605 ad
1035 2563 1133 2624 opera
1147 2543 1287 2608 lascivia

334 2646 400 2727 pilo
422 2644 603 2720 fruticante,
623 2655 761 2727 cuteque
783 2642 931 2706 indurata
953 2655 1106 2726 tanquam
1128 2645 1289 2711 inhabiles

334 2747 553 2828 reprobantur,
562 2744 698 2807 militem
714 2743 861 2821 induunt,
874 2744 1106 2826 primipilatum
1122 2745 1289 2809 ducatum·

334 2868 397 2931 que
420 2850 582 2921 affectant,
598 2858 630 2908 et
652 2844 855 2907 seductores
876 2856 908 2908 et
932 2843 1079 2908 doctores
1098 2846 1290 2928 pollicentur

335 2946 446 3024 officii,
456 2945 545 3030 quod
559 2967 725 3030 nunquam
741 2944 931 3010 didicerunt.
980 2945 1078 3009 Porro
1090 2949 1214 3012 nullum
1229 2971 1288 3013 un·

337 3069 431 3132 quam
444 3047 611 3132 imperium
624 3049 670 3111 sic
683 3048 782 3110 virtus
795 3049 860 3110 ulla
875 3046 1028 3122 dilatarit,
1044 3048 1137 3132 cujus
1153 3050 1207 3112 isti
1223 3072 1288 3115 uon

335 3149 498 3213 sufficiunt
511 3150 697 3213 contrahere
714 3149 806 3224 fines,
820 3160 872 3211 aut
888 3148 1020 3211 omnino
1033 3149 1114 3211 vires
1126 3170 1288 3214 evacuare.

335 3250 371 3314 Si
385 3250 466 3313 mihi
480 3270 545 3314 non
561 3249 677 3325 credis,
687 3250 737 3312 vel
754 3249 906 3333 operibus
922 3248 1028 3311 crede.
1058 3247 1164 3314 Pudet
1174 3250 1290 3330 dicere,

336 3351 423 3435 quod
439 3351 531 3416 dolor
545 3361 605 3427 est,
617 3361 649 3414 et
663 3350 841 3432 ignominia
856 3350 1023 3413 sustinere.
1069 3352 1156 3413 Dum
1171 3365 1290 3417 armata

336 3452 431 3516 nobis
452 3453 564 3516 militia
586 3453 698 3526 stertit,
721 3451 796 3514 dum
822 3452 961 3515 alienam
985 3464 1173 3535 expugnant
1194 3453 1289 3536 pudi-

336 3553 454 3633 citiam,
474 3574 565 3617 suam
587 3553 792 3634 prostituunt,
814 3550 891 3613 dum
913 3551 1071 3613 nobilium
1093 3552 1292 3619 circumeunt

336 3652 460 3730 domos,
491 3652 637 3717 convivia
672 3653 853 3736 explorant,
882 3662 918 3715 ut
947 3654 1116 3733 epulentur
1146 3655 1290 3737 quotidie

337 3753 516 3838 splendide,
530 3754 609 3818 dum
629 3755 786 3836 ampullas
806 3753 982 3837 projiciunt
1000 3763 1033 3816 et
1053 3755 1291 3839 sesquipedalia

337 3859 446 3933 verba,
461 3859 531 3921 siue
546 3878 657 3920 cruore
679 3856 875 3920 trucidantes
896 3856 1074 3920 Saracenos
1096 3869 1129 3919 et
1143 3857 1288 3939 Parthos,

338 3969 371 4021 et
393 3958 421 4021 si
443 3957 524 4042 quid
546 3958 635 4021 aliud
657 3957 767 4021 hostili
790 3967 940 4020 censetur
962 3956 1104 4036 nomine,
1127 3956 1203 4020 dum
1228 3959 1291 4024 hoc

339 4058 462 4122 faciunt
473 4057 590 4121 milites
606 4057 746 4139 gloriosi.
788 4057 1004 4121 Niricollinus
1015 4056 1190 4122 indomitus
1204 4061 1290 4123 inso-

339 4157 445 4236 lescit,
470 4157 608 4219 inermes
634 4157 784 4218 Britones
808 4156 1037 4234 intumescunt,
1060 4157 1213 4240 ipsosque
1237 4159 1291 4241 qui

339 4257 490 4322 dicuntur
514 4255 650 4320 Palatini
673 4257 816 4332 comites,
838 4267 870 4320 et
892 4277 1001 4337 regum
1020 4257 1174 4336 sanguine
1197 4258 1291 4337 glori·
1342 4326 1353 4333 ,

339 4370 443 4436 antur,
458 4358 522 4422 fere
537 4355 578 4420 ad
598 4356 793 4421 deditionem
810 4357 1016 4440 compellunt,
1033 4367 1066 4419 et
1088 4355 1177 4436 quasi
1192 4357 1291 4422 tribu·
