3550 5467
403 739 468 800 294
664 745 800 792 sonuum
817 743 1108 791 saussaearsusrs
1202 726 1283 806 [ms.
1296 745 1357 789 rm.

405 905 482 970 tiam
512 901 690 976 meruisset,
717 895 840 983 aliquid
869 895 998 960 celebre
1025 895 1119 960 illius
1148 908 1302 960 mammet
1323 895 1358 959 rd

404 1017 556 1092 posteros.
601 1000 757 1086 Virgilius
779 998 938 1075 Marcelli,
960 998 1046 1063 citra
1072 1020 1196 1084 magua
1217 997 1358 1063 virtutum

404 1105 527 1185 merita,
541 1103 746 1190 perpetuavit
769 1099 917 1187 gloriam,
932 1113 967 1165 et
982 1100 1113 1187 poetica
1134 1098 1264 1164 licentia
1276 1099 1358 1164 tidem

405 1221 590 1296 pervertens
604 1205 757 1278 historiae,
771 1202 943 1281 Didonem,
957 1203 1031 1267 licet
1044 1201 1256 1289 pudicissima
1264 1203 1359 1276 fuerit,

406 1308 551 1396 hospitis,
559 1330 656 1395 quem
667 1330 707 1371 ex
723 1305 844 1370 ratione
856 1318 1041 1391 temporum
1058 1305 1172 1370 ridere
1182 1328 1244 1370 non
1256 1304 1360 1391 potuit,

407 1414 528 1477 incesto
557 1433 664 1475 amore
693 1411 829 1495 posteris
858 1406 1019 1493 persuasit
1049 1407 1155 1473 fuisse
1185 1419 1360 1492 correptam.

409 1513 510 1579 Nisus
532 1526 564 1577 et
589 1509 753 1597 Euryalus
775 1521 915 1574 nostram
934 1531 999 1573 nou
1021 1510 1212 1595 attigissent
1234 1521 1359 1583 entem,

408 1619 470 1682 nisi
485 1638 538 1680 cos
557 1613 709 1680 oblivioni
731 1612 841 1678 divina
863 1611 1011 1676 Maronis
1031 1613 1181 1678 carmina
1201 1610 1361 1677 subduxis-

411 1736 490 1784 sent.
530 1715 649 1804 Implet
664 1715 770 1780 adhuc
785 1713 931 1801 promissi
946 1713 1057 1795 fidem,
1068 1728 1102 1779 et
1117 1715 1251 1780 nomina
1263 1735 1360 1779 eorum

411 1819 474 1884 situ
490 1839 553 1882 non
568 1816 692 1902 patitur
705 1814 834 1880 aboleri.

516 1934 607 1987 Vlrite
618 1932 716 1997 felices,
729 1934 751 1984 si
764 1930 826 2000 quid
836 1946 895 1983 mea
907 1932 1024 1983 carmina
1035 1938 1157 2003 possunt,

516 2018 600 2072 Nulla
611 2019 668 2072 dies
679 2035 791 2087 unquam
803 2018 911 2070 memori
923 2035 970 2070 vos
983 2019 1084 2071 mmet
1095 2035 1164 2071 saro

413 2121 498 2198 Quid
515 2133 564 2184 cst
580 2142 667 2204 ergo,
679 2118 766 2205 quod
782 2122 838 2205 qui
854 2139 1049 2199 scurrarum,
1061 2119 1243 2206 viliumque
1257 2119 1362 2183 manci·

411 2224 535 2308 piorum
553 2222 737 2305 ignominiae
759 2235 850 2286 tanto
864 2235 998 2307 sumptu
1020 2221 1212 2287 conducunt
1224 2220 1363 2307 gratiam,

411 2325 554 2387 honestis
584 2323 670 2397 viris,
701 2324 888 2409 peritisque,
917 2337 951 2387 ct
982 2324 1121 2388 maxime
1151 2324 1361 2410 scriptoribus,

413 2424 538 2511 placere
553 2446 615 2487 non
631 2428 815 2509 appetunt?
843 2424 1003 2511 Nunquid
1024 2447 1099 2489 suas
1113 2426 1254 2513 ineptias
1272 2439 1361 2490 trans·

414 2525 498 2590 mitti
515 2525 627 2590 nolunt
642 2523 682 2589 ad
699 2530 869 2610 posteros?
894 2529 1031 2612 ignotus
1044 2542 1129 2592 esset
1144 2527 1298 2608 Lucilius,
1310 2527 1361 2592 uiri

413 2652 487 2693 enm
510 2628 653 2715 epistolae
677 2629 803 2692 Senecoe
826 2626 1033 2693 illustrarent.
1072 2629 1247 2695 Laudibus
1264 2632 1361 2696 Cass·

414 2733 477 2796 reis
492 2731 565 2818 plus
583 2730 743 2816 Virgilius,
760 2742 791 2794 et
808 2733 923 2806 Varus,
941 2733 1159 2818 Lucanasque
1178 2733 1363 2820 adjecemut,

414 2855 512 2920 quam
527 2834 717 2897 immensum
732 2831 811 2896 illud
828 2831 988 2914 oerarium,
1002 2856 1071 2920 quo
1087 2835 1201 2901 urbem
1217 2849 1251 2901 ct
1262 2835 1360 2900 ortem

415 2936 573 3022 spoliavit.
611 2939 714 3000 Nemo
728 2933 930 3021 prudentiam
950 2935 1068 3015 Ithaci,
1082 2951 1141 3002 aut
1157 2938 1277 3004 Pelidae
1290 2940 1362 3002 rircs

413 3053 608 3126 agnosceret,
629 3038 687 3103 nisi
711 3062 763 3102 eas
786 3039 947 3103 Homerus
968 3039 1081 3105 divino
1102 3042 1298 3129 publicasset
1318 3043 1358 3105 in·

414 3143 518 3228 genio.
565 3141 660 3208 Unde
679 3140 756 3205 nihil
779 3140 857 3206 mihi
879 3141 1008 3207 videtur
1029 3144 1214 3212 consultius
1234 3145 1313 3219 viro,
1327 3143 1361 3208 ad

414 3248 548 3330 gloriam
560 3242 754 3330 properanti,
767 3242 908 3307 fidelium
921 3244 1030 3308 favore
1045 3248 1254 3332 scriptorum.
1283 3243 1363 3310 Nihil

414 3346 557 3425 stultius,
572 3367 668 3432 quam
684 3357 811 3432 captare
826 3344 1011 3430 Tigellium,
1027 3349 1086 3434 qui
1107 3371 1168 3414 nso
1182 3371 1272 3414 suam
1288 3349 1364 3434 potis

415 3462 464 3514 est
479 3448 632 3513 redimere
650 3448 777 3513 famam.
816 3449 898 3513 Sunt
920 3462 1028 3513 autem
1051 3450 1156 3515 multa
1179 3452 1213 3515 in
1230 3450 1364 3516 moribus

416 3552 510 3626 bona,
532 3549 574 3613 de
604 3549 723 3636 quibus
750 3549 845 3616 multi
874 3549 955 3615 bene
972 3549 1137 3634 judicant,
1162 3555 1308 3640 quamvis
1333 3575 1366 3618 ca

415 3649 509 3714 multi
521 3671 583 3712 non
596 3649 745 3731 habeant,
756 3666 788 3716 et
799 3675 864 3738 quo
874 3651 1005 3731 rariora,
1015 3674 1054 3717 eo
1070 3653 1273 3740 praeclariora
1286 3670 1362 3720 sunt.

416 3755 479 3816 Per
489 3773 527 3814 ea
537 3774 613 3836 ergo
624 3752 774 3818 nituntur
783 3754 916 3841 quidam
927 3754 968 3819 sd
978 3755 1365 3846 glorinm,adimperiuu‚

414 3855 455 3920 sd
481 3853 739 3921 dominationem.
785 3855 939 3942 Quisquis
962 3870 1070 3922 sutem
1104 3860 1173 3925 sinc
1197 3861 1367 3948 cupiditate

413 3956 537 4043 gloriae,
550 3979 616 4042 qua
627 3970 757 4022 veretur
768 3956 863 4022 homo
872 3957 952 4022 bene
958 3957 1187 4043 judicantibus
1195 3962 1367 4050 displicere,

413 4061 571 4126 dominari
593 4074 691 4145 atque
712 4060 870 4144 imperare
890 4056 1063 4137 desiderat,
1085 4061 1185 4128 etiam
1209 4086 1266 4150 per
1284 4085 1369 4150 aper·

411 4163 533 4227 tissima
543 4158 661 4225 scelera
671 4160 788 4246 quaerit
797 4159 986 4247 plerumque
996 4159 1145 4226 obtinere
1156 4162 1369 4249 quoddiligit.

414 4262 554 4328 Proinde
568 4262 624 4348 qui
639 4260 773 4346 gloriam
794 4260 1003 4348 concupiscit,
1018 4274 1077 4326 sut
1093 4285 1171 4329 vera
1187 4265 1241 4331 ria
1255 4265 1371 4341 nititur,

412 4373 468 4425 aut
493 4375 575 4427 certe
601 4359 683 4424 dolis
708 4373 740 4426 et
766 4359 901 4426 fallaciis
930 4359 1109 4439 contendit,
1138 4365 1252 4432 volens
1278 4364 1370 4433 rideri
