3550 5467
530 701 569 763 18
801 717 938 761 roasms
953 716 1231 761 sanasnanmssrs
1337 700 1422 781 [Lm.
1438 720 1485 766 vr.

528 870 589 934 etsi
604 890 667 932 non
685 890 777 952 aeque
792 880 900 948 notus,
915 881 1022 932 tamen
1038 869 1238 933 accessibilis
1254 879 1312 935 est.
1359 874 1484 958 Utique

530 984 617 1036 tutus
632 981 681 1033 est
695 970 752 1048 illi,
769 970 843 1053 quia
859 971 952 1033 miles
973 993 1063 1032 meus
1079 972 1190 1034 nonin
1213 973 1341 1055 propria
1357 975 1485 1052 virtute,

529 1071 635 1136 sedin
651 1069 799 1154 praesidio
815 1071 949 1134 conlidit
964 1092 1130 1132 armorum.
1177 1073 1352 1153 Anglorum
1369 1094 1484 1139 recens

529 1185 636 1237 narrat
650 1173 794 1248 historia,
806 1172 890 1255 quod
902 1194 1001 1254 quum
1018 1174 1177 1248 Britones‚
1193 1174 1369 1257 irruptione
1385 1175 1481 1254 sacta,

531 1275 676 1356 Angliam
694 1272 975 1356 depopularentur,
987 1295 1005 1335 a
1016 1273 1160 1356 piissimo
1177 1295 1249 1354 rege
1262 1274 1425 1338 Eduardo
1440 1275 1483 1338 ad

530 1399 585 1438 eos
596 1374 830 1458 expugnandos
843 1375 957 1436 missus
969 1389 1016 1436 est
1028 1373 1094 1436 dux
1110 1375 1281 1451 Humidus,
1294 1376 1339 1437 vir
1350 1375 1482 1459 quidem

529 1478 624 1540 armis
639 1490 796 1552 strenuus,
811 1489 842 1539 et
857 1476 1065 1539 laudabilium
1082 1498 1213 1560 operum
1235 1477 1361 1559 fulgens
1384 1479 1484 1561 insig-

528 1581 635 1656 nibuS,
653 1592 686 1643 et
708 1580 761 1663 qui
784 1592 970 1656 tammam,
991 1600 1086 1663 quam
1110 1601 1237 1643 suorum
1261 1593 1371 1663 posset
1394 1582 1482 1666 apud

528 1692 672 1766 posteros
692 1679 823 1760 gloriam
840 1677 983 1752 dilatare,
1000 1679 1059 1741 uisi
1084 1681 1265 1743 meritorum
1290 1681 1411 1759 titulos,
1425 1705 1482 1746 ne·

529 1783 661 1866 quitiam
692 1781 793 1863 patris
822 1780 961 1855 imitans,
992 1781 1114 1862 perfide
1147 1794 1341 1867 praesumpto
1371 1805 1482 1866 regno,

528 1885 735 1947 decoloraret.
769 1883 876 1952 Quum
889 1902 964 1960 orgo
975 1884 1078 1962 gentis
1091 1896 1299 1963 cognosceret
1309 1886 1482 1963 levitatem,

530 1985 622 2069 quasi
637 1983 707 2067 pari
723 1982 896 2044 certamine
909 1983 1053 2046 militiam
1067 1985 1189 2066 eligens
1200 1984 1394 2069 expeditam,
1406 2011 1480 2052 curn

528 2087 574 2150 eis
592 2085 718 2148 censuit
740 2085 1023 2165 congrediendum,
1039 2087 1141 2149 levem
1164 2108 1320 2150 exercens
1342 2105 1481 2154 armatu·

527 2209 605 2266 rarn,
620 2196 806 2270 perornatus
826 2187 991 2266 incedens,
1008 2189 1116 2252 fasciis
1139 2205 1264 2273 pectus,
1278 2205 1310 2253 et
1332 2193 1481 2274 praeduro

527 2299 632 2352 tectus
648 2287 746 2364 corio,
762 2290 936 2352 missilibus
952 2312 1061 2353 eorum
1077 2293 1147 2354 leva
1162 2292 1331 2376 objectans
1353 2297 1481 2374 ancilia,

528 2390 607 2453 etin
624 2410 679 2452 eos
695 2401 910 2470 contorquens
925 2413 1010 2455 nunc
1032 2392 1168 2474 spicula,
1183 2416 1268 2457 nunc
1292 2417 1478 2459 mucronem

527 2511 693 2567 exercens,
707 2490 753 2553 sic
778 2490 964 2572 fugientium
983 2492 1124 2574 vestigiis
1147 2495 1334 2572 inhaerebat,
1349 2506 1386 2559 ut
1408 2517 1479 2581 pre·

529 2606 668 2658 merctur

742 2689 920 2742 ——Pede
932 2708 987 2762 pes,
1001 2698 1028 2744 et
1040 2693 1147 2763 cuspide
1161 2696 1258 2765 cuspis,

524 2824 557 2876 et
578 2813 676 2876 umbo
699 2811 836 2872 umbone
860 2811 1070 2891 repelleretur.
1119 2814 1251 2877 Nisium
1277 2815 1385 2900 itaque
1409 2819 1476 2881 col·

523 2916 588 2977 lem
610 2915 781 2994 ingressus,
796 2911 929 2973 vastavit
951 2912 1067 2988 omnia,
1084 2928 1117 2976 ct
1139 2916 1347 2998 expeditione
1369 2918 1402 2979 in
1426 2919 1478 2982 bi·

524 3015 654 3078 ennium
671 3022 850 3097 prorogata,
864 3032 957 3090 reges
973 3013 1069 3095 cepit,
1085 3026 1117 3077 et
1139 3016 1246 3098 capitu
1268 3039 1377 3080 eorum
1402 3022 1480 3103 regi,

523 3117 663 3201 quieum
673 3114 1182 3197 miserat,praesentavit‚etusquc
1192 3116 1233 3179 ad
1244 3119 1478 3185 miserationem

521 3219 722 3302 parvulorum
749 3236 875 3276 ornnem
906 3216 1096 3291 masculum,
1125 3218 1181 3300 qui
1207 3217 1343 3282 inveniri
1373 3225 1480 3303 potuit

522 3319 732 3393 interficiens,
744 3316 777 3378 iu
789 3338 843 3380 ore
860 3316 958 3396 gladii
971 3320 1098 3400 pacarit
1109 3322 1317 3402 provinciam,
1328 3335 1360 3386 et
1372 3321 1478 3405 legem

523 3420 634 3483 statuit
645 3431 680 3480 ut
692 3417 876 3501 quicunque
894 3419 1060 3482 Britonum
1074 3422 1192 3485 exinde
1205 3424 1283 3487 citra
1294 3426 1479 3504 terminum,

523 3545 619 3608 quem
640 3522 687 3584 eis
705 3523 911 3605 praescripsit,
925 3523 1044 3587 fossam
1068 3528 1192 3591 scilicet
1207 3529 1298 3607 Offae,
1314 3552 1388 3594 cum
1413 3534 1480 3596 telo

521 3624 727 3700 inveniretur,
752 3623 781 3685 ei
809 3625 850 3685 ab
880 3625 1073 3688 officialibus
1102 3629 1192 3708 regni
1218 3652 1332 3693 manus
1362 3631 1478 3697 dextra

521 3722 756 3811 precideretur.
802 3726 956 3810 Adeoque
973 3729 1087 3792 virtute
1108 3729 1200 3794 ducis
1222 3746 1299 3796 tunc
1324 3735 1477 3800 Britones

522 3829 663 3894 consecti
678 3841 763 3904 sunt,
779 3839 814 3890 ut
834 3830 898 3891 sere
921 3851 1000 3910 gens
1016 3843 1082 3895 tota
1104 3832 1241 3896 deficere
1258 3835 1429 3907 rideretur,
1445 3848 1479 3900 ct

521 3952 563 3994 ex
579 3931 778 4011 indulgentia
793 3930 862 4012 jam
879 3930 958 3992 dicti
981 3933 1065 4014 regis
1088 3936 1236 3999 mulieres
1260 3958 1369 4000 eorum
1393 3961 1479 4024 nup·

521 4048 629 4097 serunt
644 4033 766 4111 Anglis.
807 4032 948 4094 Videsne
961 4052 1114 4118 quantum
1131 4036 1245 4101 electio
1261 4039 1354 4102 ducis
1370 4053 1403 4104 et
1417 4063 1481 4106 ex·

520 4136 665 4201 ercitium
676 4133 867 4217 juventutis,
884 4135 1007 4199 militiae
1024 4140 1211 4204 conserant?
