3550 5467
403 764 475 809 css.
492 741 579 821 xva]
764 760 1018 806 eonsensmcus.
1305 748 1362 808 ltl

408 916 518 980 versis.
565 915 701 977 Nullum
724 934 819 994 mare
838 913 1014 996 periculum
1035 923 1094 990 est,
1114 914 1141 977 si
1163 934 1237 996 spes
1259 912 1364 976 dolosi

405 1017 531 1081 nummi
554 1015 718 1097 refulgeat.
764 1013 873 1098 Ipsam
896 1015 960 1078 sere
979 1025 1123 1079 naturam
1151 1015 1252 1078 vincit
1275 1035 1364 1078 amor

406 1119 570 1202 pscuniae,
586 1127 620 1180 et
642 1138 693 1179 res
709 1137 794 1199 pene
813 1116 1028 1198 impossibiles
1047 1116 1088 1180 ud
1108 1117 1292 1200 possibilem
1313 1136 1364 1178 re·

406 1216 488 1296 digit
507 1215 706 1279 facultatem.
754 1210 859 1276 Avaro
880 1208 961 1275 nibil
983 1213 1046 1276 vile
1065 1212 1201 1277 videtur.
1223 1221 1279 1276 aut
1297 1234 1362 1276 sor-

407 1313 533 1391 didum,
552 1324 586 1378 et
606 1315 754 1379 sibilante
777 1315 911 1399 populo,
926 1314 1064 1397 seipsum
1086 1316 1279 1393 consolatur,
1298 1315 1364 1378 imo

406 1431 438 1483 et
452 1419 519 1481 sibi
534 1416 713 1500 applaudit,
728 1416 905 1480 “simulac
920 1437 1067 1479 nummos
1082 1415 1315 1500 contemplatur
1329 1417 1362 1479 in

408 1518 512 1584 arca.”
560 1514 786 1581 Petronianum
802 1517 882 1580 illud
898 1517 1057 1597 ingestum
1073 1518 1221 1581 omnibus
1235 1516 1361 1581 credas:

517 1647 642 1716 Quisquis
653 1645 734 1698 habet
745 1663 873 1711 nummos,
885 1663 976 1698 secura
985 1646 1093 1714 naviget
1103 1662 1175 1710 aura,

551 1733 744 1800 Fortunamque
756 1749 802 1784 suo
813 1736 943 1803 temperet
954 1731 1069 1783 arbitrio.

519 1817 639 1870 Uxorem
650 1815 728 1869 duat
740 1815 860 1879 Danaen,
873 1817 1009 1888 ipsumque
1021 1814 1111 1868 licebit

552 1900 684 1954 Acrisium
691 1901 785 1973 jubeat
797 1902 901 1954 orsum
912 1902 980 1971 quod
993 1901 1114 1954 Danabn.

517 1985 642 2038 Carmina
653 1991 798 2057 componat,
810 1986 949 2051 declamet,
961 1993 1096 2060 cosmopet
1106 2004 1196 2040 omnes

553 2070 590 2123 Et
601 2078 710 2142 peraget
722 2088 823 2135 causa,
835 2073 921 2139 sitque
934 2071 1035 2125 Catone
1046 2073 1122 2144 prior.

517 2154 722 2209 Jurisconrnltus
736 2168 845 2220 assur,
856 2169 917 2208 nors
931 2168 1037 2221 esaar,
1048 2157 1145 2210 hebeto

553 2242 644 2309 Atque
656 2246 714 2293 esto
725 2242 846 2311 quicquid
859 2242 964 2295 Servius
975 2248 1002 2295 et
1015 2243 1112 2296 Labeo.

520 2323 609 2379 Multa
620 2324 718 2395 loquor,
730 2326 832 2394 quidvis
843 2327 953 2381 nummis
965 2329 1133 2400 proesentrbns
1144 2335 1214 2402 opta,

554 2411 592 2464 Et
602 2411 706 2474 reniet;
724 2411 840 2465 clausum
851 2414 966 2484 possidet
977 2431 1037 2467 arca
1047 2417 1149 2468 Jorem.

415 2535 503 2597 Dum
517 2534 627 2616 itaque
643 2543 800 2616 quastum
815 2532 923 2614 faciat,
932 2537 1022 2599 nulla
1032 2557 1105 2619 pars
1120 2536 1233 2599 mundi
1244 2537 1369 2601 videtur

415 2629 663 2713 inaccessibilis,
675 2644 708 2698 et
722 2630 825 2717 ipsius
839 2635 967 2700 torridae
983 2648 1105 2715 aestum,
1116 2638 1217 2722 major
1230 2641 1368 2704 avaritia

413 2737 499 2820 ignis
514 2749 681 2821 exuperat
726 2735 811 2799 Inde
826 2747 874 2800 est
895 2737 983 2821 quod
1004 2738 1058 2800 hic
1081 2740 1216 2802 “mutat
1236 2760 1369 2819 merces,

416 2850 568 2921 turgente
583 2859 603 2900 a
623 2839 702 2915 sole,
716 2837 758 2901 ad
773 2859 846 2901 eum
862 2860 926 2922 quo
947 2839 1128 2922 vespertina
1145 2849 1233 2922 tepet
1253 2841 1368 2922 regio.”

417 2941 483 3004 Hic
499 2950 568 3004 toto
583 2941 706 3024 impetu
722 2939 818 3003 fertur
834 2940 868 3003 in
882 2941 1019 3018 hostem,

803 3093 810 3107 .
830 3093 837 3107 .
856 3094 862 3106 .
882 3094 889 3107 .
916 3055 1080 3119 concurritur,
1090 3054 1161 3107 horae

523 3138 667 3202 Momento,
678 3139 731 3191 cita
741 3156 810 3192 mors
821 3139 901 3203 venit,
913 3144 959 3192 sut
969 3139 1075 3192 victoria
1085 3138 1156 3191 lata.

418 3243 511 3306 Alius
525 3241 672 3324 superbis
686 3241 806 3323 gaudet
823 3240 962 3304 assidere
981 3236 1157 3319 liminibus,
1171 3250 1208 3305 ut
1222 3263 1264 3305 ex
1280 3243 1371 3306 fami·

417 3343 554 3406 liaritate
569 3341 724 3424 majorum
744 3342 868 3405 facilius
882 3341 924 3404 ad
945 3363 1035 3425 opes,
1050 3364 1121 3427 quae
1142 3341 1371 3426 desiderantur,

420 3443 565 3508 accedat.
610 3443 645 3505 si
659 3453 766 3525 potest
780 3453 923 3506 vomatur
936 3443 970 3506 in
985 3443 1092 3527 aliquo
1108 3444 1298 3522 ministerio,
1320 3447 1371 3509 sin

422 3555 539 3618 autem,
554 3543 675 3606 sufficit
696 3543 746 3605 vel
768 3544 802 3605 in
826 3544 994 3607 matricula
1016 3544 1183 3608 curialium
1203 3567 1274 3610 esse
1294 3568 1371 3611 con-

421 3645 587 3728 scriptum.
633 3639 710 3707 Sola
725 3644 884 3727 siquidem
900 3647 1093 3731 conscriptio
1116 3659 1299 3731 quaestuosa
1312 3661 1371 3713 est.

422 3747 468 3810 Ut
490 3742 669 3824 minimum,
690 3748 799 3810 locum
823 3748 1025 3831 parsimoniae
1050 3749 1136 3828 facit,
1162 3771 1226 3834 qua
1249 3752 1372 3815 nullum

423 3849 560 3931 vectigal
589 3849 706 3911 utilius.
753 3848 828 3912 Suis
857 3849 944 3912 enim
973 3847 1231 3914 commodissime
1262 3849 1374 3934 parcit,

423 3971 518 4032 quem
532 3948 631 4012 loculi
643 3949 795 4012 exhibent
809 3949 915 4012 alieni.
950 3950 1108 4013 Militatur
1122 3950 1154 4013 in
1170 3949 1258 4014 curia
1272 3973 1375 4035 usque

423 4046 462 4111 ad
485 4069 597 4123 canos,
620 4049 684 4111 imo
706 4059 739 4110 et
759 4047 832 4111 illos
854 4050 1014 4112 consumit
1035 4050 1131 4113 curia.
1177 4051 1239 4113 Vix
1261 4060 1320 4127 est,
1340 4065 1376 4113 nt

425 4168 521 4229 quem
545 4150 635 4212 curia
660 4144 811 4232 perduxit
836 4148 877 4211 ad
904 4169 1013 4227 canos,
1038 4145 1168 4212 domum
1194 4148 1304 4210 redeat
1326 4150 1375 4211 vel

424 4249 585 4311 exclusus.
630 4249 665 4313 Si
686 4249 901 4332 migraverint,
921 4249 1002 4311 fame
1021 4261 1165 4331 pereunt,
1183 4247 1259 4328 quia
1278 4257 1314 4308 ut
1333 4249 1377 4312 ait

425 4346 588 4426 Sidonius,
611 4370 667 4413 eos
696 4369 761 4412 uon
791 4359 856 4412 tum
886 4351 991 4412 bonus
1020 4348 1134 4429 pascit,
1158 4365 1254 4428 quam
1283 4347 1376 4428 panis
