3550 5467
411 760 481 804 car.
497 744 538 823 1.]
761 762 1018 808 rocromrrcos.
1349 746 1366 802 7

407 913 435 975 si
457 914 589 978 barbam
610 916 708 992 vellit,
729 916 755 978 si
776 932 868 979 aures
888 914 981 1000 quasi
1002 913 1136 977 nimium
1158 909 1269 975 breves
1290 932 1362 995 pro·

406 1012 506 1092 ducit,
529 1015 556 1077 si
580 1013 636 1079 dat
661 1016 798 1099 alapam,
819 1025 875 1077 aut
900 1013 1040 1097 percutit
1066 1032 1175 1096 pugno
1200 1010 1311 1093 impie,
1335 1012 1363 1074 si

406 1115 538 1177 alterum
554 1117 635 1179 eruit
650 1118 790 1191 oculum,
799 1115 921 1178 sustine
936 1115 1104 1197 patienter,
1116 1112 1177 1175 nisi
1194 1123 1362 1195 utrumque

407 1216 509 1278 maris
531 1218 698 1293 amittere3
721 1217 798 1301 quia
817 1215 975 1300 quicquid
998 1225 1204 1298 praesumunt,
1225 1214 1363 1277 Caesaris

406 1313 520 1379 dextra
545 1318 664 1380 factum
687 1318 846 1401 jactitant.
892 1316 927 1379 Si
950 1317 1049 1378 telum
1077 1335 1175 1377 manu
1197 1325 1313 1395 gestae,
1335 1313 1363 1377 si

405 1427 613 1498 spontaneam
650 1419 810 1482 detractas
845 1418 988 1500 praebere
1025 1416 1192 1491 cervicem,
1221 1426 1362 1478 ventrem

405 1516 517 1590 nudat,
546 1529 687 1582 ostentat
712 1519 874 1601 jugulum,
901 1517 1057 1580 cervicem
1088 1515 1243 1593 extendit,
1268 1527 1301 1578 et
1328 1527 1361 1581 te

406 1627 570 1700 provocat,
584 1632 621 1680 ut
640 1620 667 1680 si
686 1617 797 1695 andes,
814 1617 952 1681 Caesaris
971 1617 1124 1680 intestina
1145 1619 1210 1680 telo
1231 1617 1363 1696 rimeris,

407 1729 441 1782 et
467 1740 532 1802 quo
557 1720 686 1781 libuerit
711 1718 818 1795 modo,
843 1739 974 1779 manum
1003 1719 1111 1780 mittas
1134 1719 1169 1779 in
1195 1718 1365 1782 Caesarem.

407 1820 451 1884 Se
472 1820 557 1882 enim
579 1839 746 1903 personam
767 1819 905 1883 Caesaris
924 1837 1032 1901 gerere
1052 1819 1234 1901 gloriantur.
1279 1820 1322 1882 At
1337 1820 1366 1883 si

406 1923 477 1987 haec
513 1933 562 1985 est
592 1921 723 1985 dextera
752 1920 900 1996 Cmsaris,
931 1941 1079 2004 quanam
1117 1921 1246 1984 sinistra
1281 1921 1363 1986 erit?

406 2021 555 2086 Profecto
575 2024 674 2087 factio
694 2024 839 2100 istorum,
853 2044 917 2085 non
936 2022 1095 2106 justitiam
1111 2025 1291 2107 exequitur,
1305 2021 1363 2087 sed

406 2123 522 2200 illudit,
536 2137 568 2187 et
590 2146 655 2187 non
678 2125 802 2208 implet,
817 2124 874 2188 sed
895 2134 1027 2187 evacuat
1043 2124 1168 2206 legem:
1192 2126 1268 2190 licet
1282 2147 1361 2189 non·

406 2226 486 2288 nulli
509 2247 592 2289 saera
614 2226 823 2310 praerogativa
844 2226 1025 2303 verborum,
1046 2225 1198 2289 adversus
1223 2238 1363 2290 mentem

408 2329 489 2409 legis
503 2349 597 2391 snum
612 2327 830 2391 fraudulenter
845 2338 992 2390 tueantur
1007 2347 1155 2391 errorem.
1194 2327 1364 2412 Sapientes

407 2429 493 2492 enim
506 2441 591 2508 sunt,
602 2439 637 2492 ut
649 2430 767 2493 faciant
778 2430 869 2492 mala
910 2429 1018 2501 Qnum
1030 2450 1103 2493 vero
1113 2430 1365 2513 provincialibus

407 2530 449 2592 sit
478 2532 547 2593 haec
578 2532 677 2614 pestis
702 2530 895 2613 perniciose,
922 2530 1002 2592 nulli
1027 2531 1235 2613 perniciosior
1260 2543 1366 2616 potest

407 2651 487 2707 esse,
509 2653 605 2716 qnam
628 2632 776 2715 principi.
822 2632 917 2695 Bona
937 2629 1097 2714 siquidem
1121 2633 1364 2715 provincialium

407 2733 563 2816 principis
586 2744 668 2796 sunt.
714 2732 767 2796 Ad
789 2733 1017 2797 necessitatem
1038 2742 1070 2795 et
1088 2754 1182 2796 usum
1200 2735 1367 2817 principis,

407 2835 515 2896 omnia
535 2856 606 2917 quae
629 2833 874 2918 provincialium
896 2843 982 2910 sunt,
1000 2832 1041 2895 de
1055 2831 1130 2917 jure
1153 2845 1365 2916 exponuntur.

407 2933 579 2996 Provincia
599 2944 668 2996 tota
689 2934 783 3017 quasi
805 2954 882 2997 arca
903 2933 1059 3017 principis
1082 2944 1143 3012 est,
1161 2954 1256 3018 quam
1277 2936 1364 3020 quis·

407 3035 481 3117 quis
510 3033 672 3110 exhaurit,
700 3034 885 3114 gravissime
914 3033 1075 3117 delinquit
1106 3034 1141 3098 in
1174 3036 1366 3121 principem,

407 3134 503 3216 cujus
526 3142 680 3197 extenuat
704 3133 885 3196 facultates.
930 3134 1016 3195 Nam
1040 3135 1254 3214 provinciales
1276 3137 1368 3219 quasi

409 3232 542 3317 quidam
579 3231 790 3315 superficiarii
823 3241 910 3305 sunt,
940 3240 973 3293 et
1002 3233 1126 3314 quoties
1158 3254 1236 3297 usus
1268 3235 1369 3319 exigit

406 3335 588 3417 potestatis,
605 3355 709 3398 rerum
727 3354 856 3397 suarum
871 3352 937 3394 non
953 3342 1018 3395 tem
1033 3330 1154 3396 domini
1170 3346 1254 3410 sunt,
1270 3357 1365 3421 quam

405 3436 567 3500 custodes.
621 3437 656 3499 Si
683 3455 758 3499 vero
784 3433 985 3498 necessitatis
1011 3454 1077 3496 non
1103 3434 1262 3501 incumbit
1290 3439 1363 3504 arti·

406 3540 510 3614 culus,
532 3559 590 3601 sua
612 3539 676 3600 sint
696 3535 941 3620 provincialium
964 3537 1052 3599 bona
1073 3557 1141 3614 sua,
1164 3537 1281 3620 quibus
1301 3562 1363 3608 nec

406 3642 477 3725 ipse
508 3641 660 3723 princeps
688 3639 825 3702 licenter
852 3637 1006 3700 abutitur.
1061 3637 1097 3700 si
1123 3640 1207 3702 enim
1233 3642 1365 3724 expedit

407 3743 593 3827 reipublicae
617 3741 750 3825 nequis
772 3762 805 3803 re
827 3760 887 3805 sus
908 3741 991 3808 male
1015 3748 1131 3818 utatur,
1148 3741 1238 3806 abuti
1260 3745 1365 3813 aliena

408 3864 640 3930 usquequaque
655 3864 719 3908 non
742 3843 829 3906 lieet.
873 3843 917 3905 At
930 3862 1030 3929 quum
1051 3861 1110 3924 per
1122 3843 1282 3910 ministros
1304 3849 1365 3913 ini·

409 3947 541 4031 quitatis
555 3957 588 4008 et
601 3945 740 4021 sceleris,
755 3953 789 4007 et
808 3944 964 4008 satellites
985 3942 1146 4021 Sathanae,
1161 3945 1244 4009 viros
1260 3948 1364 4014 Hero·

410 4046 534 4124 dianos,
555 4045 651 4108 fuerit
672 4044 832 4108 exhausta
853 4042 1030 4127 provincia,
1054 4043 1081 4105 si
1105 4046 1282 4110 necessitas
1305 4051 1365 4113 im·

410 4147 519 4224 minet,
534 4146 651 4230 quibus
670 4155 776 4208 utetur
795 4140 970 4228 princeps?
1015 4141 1156 4207 Proinde
1178 4145 1204 4206 si
1222 4148 1316 4228 sapit,
1330 4149 1365 4210 in

410 4248 524 4311 chamo
544 4258 576 4310 et
595 4245 685 4309 freno
706 4246 855 4309 maxillas
875 4263 985 4308 eorum
1007 4243 1197 4324 confringet,
1217 4265 1258 4305 ne
1278 4245 1366 4308 vide·

409 4347 486 4417 licet
512 4368 598 4410 more
624 4348 781 4429 luporum,
805 4366 886 4428 quos
912 4344 1060 4425 improba
1085 4341 1202 4405 ventris
1227 4342 1294 4423 agit
1318 4344 1366 4413 in.
