3550 5467
406 740 471 783 car.
487 720 533 798 n]
766 736 1020 784 sotrcnsrrcus.
1321 727 1363 784 93

404 890 575 974 ipsumque
596 910 655 973 pro
681 889 752 952 Deo
771 890 923 968 colerent,
944 891 1029 954 nacti
1053 890 1131 953 forte
1155 892 1360 955 occasionem

404 1014 444 1057 ex
466 994 574 1057 verbis
597 993 667 1078 ejus
689 993 826 1056 dicentis
851 992 983 1057 domum
1009 994 1267 1079 philosophantis
1291 1019 1360 1061 esse

404 1095 578 1158 sacrarium
608 1090 784 1177 sapientiae,
813 1106 845 1157 ct
874 1096 1073 1159 verissimum
1102 1096 1163 1159 Dei
1193 1100 1359 1181 templum.

404 1193 555 1257 Traditur
580 1195 678 1257 etiam
704 1195 903 1278 persuasisse
928 1195 1122 1273 hominibus,
1145 1217 1214 1260 esse
1240 1198 1362 1261 animas

405 1298 616 1374 immortales,
631 1306 752 1379 etpost
768 1296 1010 1360 dissolutionem
1026 1297 1180 1381 corporis,
1195 1299 1266 1363 ritae
1281 1321 1361 1383 praa·

405 1398 552 1462 cedentis
568 1399 701 1482 praemia
723 1408 913 1481 recepturas.
959 1398 1064 1482 Impie
1085 1409 1192 1462 tamen
1215 1400 1356 1465 fabulam

406 1501 495 1564 mille
512 1520 669 1562 annorum
685 1499 805 1582 primus
821 1496 938 1563 dicitur
953 1498 1132 1562 induxisse.

406 1769 487 1854 Cap.
504 1776 535 1832 b.
560 1768 612 1832 De
628 1769 741 1831 lonico
759 1787 877 1850 peracre
900 1768 1183 1850 Philosophorum,
1205 1778 1237 1833 et
1256 1778 1365 1834 aucto-

448 1874 549 1935 ritate
571 1875 728 1950 Socratis,
750 1881 784 1935 ct
803 1873 951 1954 dopmote
972 1871 1134 1948 Platone,
1160 1881 1193 1934 et
1213 1874 1365 1954 opinione

451 1979 524 2055 ejas
531 1981 611 2054 post
625 1980 769 2036 morton.

451 2136 624 2197 Aaronom
655 2153 729 2196 vero
759 2132 1023 2217 pbilosophorum
1053 2155 1155 2215 genus
1189 2145 1247 2212 est,
1276 2133 1365 2218 quod

409 2238 559 2301 Ionicum
574 2234 699 2311 dicitur,
715 2247 748 2297 ct
762 2255 781 2297 a
796 2236 921 2298 Graecis
940 2236 1144 2299 ulterioribus
1159 2237 1256 2300 traxit
1271 2237 1365 2319 origi·

409 2358 494 2401 nem.
544 2336 669 2397 Horum
695 2335 847 2419 princeps
877 2334 938 2398 fuit
962 2337 1081 2400 Thales
1103 2338 1262 2416 Milesius,
1281 2358 1365 2401 unus

411 2439 538 2501 illorum
555 2448 690 2518 septam,
705 2437 759 2518 qui
776 2435 855 2498 dicti
874 2449 949 2501 suut
969 2439 1138 2521 sapientes.
1185 2437 1251 2502 Iste
1266 2460 1366 2522 quum

411 2561 515 2605 rerum
546 2550 692 2601 naturam
717 2548 886 2616 scrutatus,
909 2539 992 2603 inter
1017 2552 1151 2603 caeteros
1174 2540 1365 2613 emicuisset,

411 2641 553 2706 maxime
568 2638 766 2702 admirabilis
782 2640 900 2717 extitit,
915 2640 1004 2724 quod
1025 2640 1205 2721 astrologia
1225 2640 1367 2702 numeris

413 2739 666 2825 comprehensis,
696 2739 775 2801 solis
804 2751 836 2802 et
865 2741 950 2802 lunae
980 2739 1127 2803 delectus
1159 2738 1364 2823 praedicebat.

414 2844 503 2908 Huic
519 2841 678 2905 successit
692 2840 935 2903 Anaximander
950 2840 1020 2925 ejus
1035 2841 1170 2914 auditor,
1187 2841 1243 2924 qui
1258 2841 1368 2903 Anax·

412 2945 548 3008 imenam
559 2942 754 3024 discipulum
764 2941 894 3024 reliquit
902 2950 934 3003 et
945 2961 1171 3005 successorem.
1204 2941 1369 3021 Diogenes

415 3066 541 3130 quoque
561 3043 706 3128 ejusdem
728 3041 853 3106 auditor
873 3041 990 3118 extitit,
1012 3053 1045 3103 et
1067 3043 1289 3122 Anaxagoras,
1311 3041 1368 3124 qui

415 3146 558 3210 omnium
588 3165 691 3207 rerum
721 3164 803 3227 quas
832 3140 989 3217 ridemus,
1013 3141 1197 3202 effectorem
1227 3139 1370 3203 divinum

416 3248 558 3311 animum
574 3245 698 3309 docuit.
731 3245 774 3308 Ei
790 3242 947 3307 suecessit
963 3239 1087 3304 auditor
1101 3241 1171 3324 ejus
1183 3240 1371 3319 Archelaus,

416 3349 508 3436 cujus
522 3346 702 3431 discipulus
722 3346 870 3409 Socrates
889 3342 989 3405 fuisse
1012 3342 1206 3426 perhibetur,
1222 3341 1373 3423 magister

416 3451 569 3528 Platonis,
580 3449 636 3531 qui
648 3459 730 3512 teste
741 3446 889 3530 Apuleio,
902 3446 989 3529 prius
1000 3445 1188 3508 Aristoteles
1197 3444 1304 3509 dictus
1313 3456 1373 3522 est,

416 3554 473 3618 sed
489 3552 607 3617 deinde
629 3574 648 3616 a
670 3551 838 3615 latitudine
866 3548 1005 3633 pectoris
1025 3548 1130 3624 Plato,
1145 3562 1177 3612 et
1195 3549 1230 3612 in
1250 3558 1371 3612 tantam

416 3654 622 3717 eminentiam
644 3651 873 3734 Philosophiae,
896 3660 929 3713 et
949 3651 1055 3731 rigore
1071 3650 1204 3732 ingenii,
1223 3662 1255 3712 et
1275 3650 1372 3715 studii

416 3755 581 3831 exercitio,
596 3765 629 3817 et
649 3753 791 3817 omnium
815 3771 937 3813 morum
962 3761 1137 3824 venustate,
1153 3752 1274 3834 eloquii
1291 3772 1370 3834 quo·

416 3878 478 3942 quc
488 3857 646 3919 suavitate
662 3853 799 3935 etcopia
809 3853 980 3915 subvectus
991 3860 1050 3925 est,
1062 3863 1096 3914 ut
1107 3853 1198 3935 quasi
1208 3853 1241 3914 iu
1257 3853 1371 3916 throno

416 3959 581 4042 sapientia
596 3956 754 4032 residens,
765 3966 926 4039 praecepta
939 3953 1078 4037 quadam
1089 3954 1275 4017 auctoritate
1286 3956 1373 4018 visus

417 4068 476 4138 est,
500 4073 565 4123 tam
594 4057 861 4132 antecessoribus,
885 4076 979 4139 quam
1004 4055 1245 4119 successoribus
1270 4056 1374 4138 pbilo-

417 4161 540 4246 sophis,
560 4161 725 4243 imperare.
771 4159 816 4221 Et
837 4158 958 4241 primus
981 4156 1111 4240 quidem
1133 4156 1283 4220 Socrates
1303 4155 1374 4216 uui·

417 4284 542 4327 versam
553 4257 1056 4346 philosophiamadcorrigendos
1066 4254 1375 4339 componendosque

418 4388 523 4431 mores
551 4364 680 4427 flexisse
705 4374 906 4435 memoratur,
929 4379 1028 4442 quum
1055 4370 1128 4420 ante
1153 4357 1243 4417 illum
1266 4374 1377 4418 omnes
