3550 5467
414 735 473 793 17‘2
665 744 801 788 massis
816 741 1096 788 snunsnsnruusrs
1204 723 1290 803 [tur.
1307 742 1357 786 vu.

411 896 579 980 lachrymis
600 895 706 959 subito
730 894 936 969 inundantur,
951 892 1077 977 obstipo
1101 894 1219 976 capite,
1238 893 1357 956 lumini·

411 1000 472 1062 bus
486 997 676 1071 interclusis,
692 1018 781 1058 coma
796 995 895 1070 brevi,
911 994 1013 1079 capite
1029 995 1095 1057 sere
1116 1015 1201 1070 raso,
1218 1017 1295 1056 voce
1308 995 1357 1057 de-

407 1100 512 1173 missa,
525 1098 615 1162 labiis
630 1099 671 1161 ab
686 1097 827 1161 oratione
842 1096 1022 1172 mobilibus,
1034 1097 1160 1160 incessu
1178 1095 1357 1180 tranquillo,

408 1215 438 1263 et
455 1199 546 1284 quasi
561 1221 671 1282 gressu
687 1195 825 1282 quadam
850 1198 1051 1282 proportione
1075 1197 1268 1282 composito,
1285 1219 1356 1282 pan·

410 1299 488 1375 nosi,
509 1300 615 1375 obsiti,
637 1298 744 1361 sordes
768 1305 914 1377 vestium,
932 1313 964 1361 et
989 1299 1170 1363 affectatam
1192 1299 1357 1362 vendicant

413 1403 579 1477 vilitatem,
597 1417 683 1466 uteo
703 1400 826 1464 facilius
847 1401 1031 1478 ascendant,
1044 1426 1112 1487 quo
1133 1426 1167 1466 se
1190 1402 1358 1468 studiosius

412 1506 558 1569 videntur
570 1504 601 1566 in
615 1503 717 1566 locum
735 1502 939 1565 novissimum
953 1503 1114 1588 dejecisse,
1127 1517 1160 1568 et
1176 1506 1234 1590 qui
1251 1518 1357 1590 sponte

412 1630 471 1671 sua
482 1607 680 1681 decrescunt,
694 1627 836 1669 erescere
848 1605 1077 1691 compellantur
1093 1606 1197 1671 inviti.
1238 1605 1281 1668 Hi
1292 1620 1359 1670 snut

411 1708 594 1795 qui,siquid
603 1707 865 1771 maculaeinbasit
874 1707 1024 1772 Ecclesia
1036 1707 1113 1771 dum
1126 1708 1356 1793 peregrinatur,

413 1809 530 1896 publiis
549 1810 730 1895 aspectibus
751 1809 916 1891 detegunt,
933 1824 970 1871 ut
986 1810 1046 1894 ipsi
1070 1810 1112 1873 ab
1129 1811 1216 1873 omni
1238 1810 1358 1873 macula

411 1913 580 1975 videantur
609 1912 772 1974 immunes.
826 1911 871 1975 lli
902 1924 975 1974 sunt
1006 1910 1063 1997 qui
1094 1912 1259 1987 beneficia,
1288 1935 1358 1995 quae

410 2013 544 2075 necdum
558 2013 672 2076 sanctis
683 2013 797 2076 collata
809 2027 895 2089 sunt,
908 2013 1083 2098 praedicant
1093 2013 1279 2078 auferenda.
1315 2014 1357 2077 Hi

412 2128 485 2177 sunt
496 2114 551 2198 qui
565 2113 777 2199 potestatibus
789 2116 993 2199 persuadent,
1007 2128 1041 2179 ut
1058 2129 1190 2201 propter
1202 2117 1281 2179 vitia
1296 2139 1358 2200 pcr-

411 2237 570 2289 sonarum,
587 2215 662 2298 jure
678 2239 736 2277 suo
750 2218 918 2301 priventur
931 2217 1091 2281 Ecclesiae.
1128 2219 1360 2281 Decimationes

412 2315 610 2402 etprimitias
626 2316 776 2380 Ecclesiis
788 2317 995 2394 subtrabunt,
1005 2333 1036 2383 et
1050 2319 1210 2384 Ecclesias
1219 2319 1302 2406 ipsas
1312 2339 1362 2382 ac·

409 2419 530 2505 cipiunt
542 2418 582 2481 de
594 2441 688 2480 manu
705 2418 887 2499 Laieorum,
904 2420 1069 2506 Episcopis
1084 2422 1281 2485 inconsultis.
1317 2421 1359 2486 Hi

411 2536 484 2586 suut
500 2521 557 2606 qui
573 2520 694 2606 praedia
710 2523 795 2584 avita
807 2523 1030 2588 subtrahentes
1045 2522 1215 2607 indigenis,
1232 2524 1316 2587 vicos
1330 2538 1359 2586 et

408 2648 508 2711 pagos
524 2623 675 2709 redigunt
691 2625 723 2686 in
747 2624 962 2700 solitudinem,
978 2640 1009 2690 et
1025 2626 1056 2689 in
1074 2650 1149 2690 suos
1171 2650 1248 2690 usus
1264 2626 1359 2690 ricina

410 2728 1359 2816 quaequeconvertunt,Ecclesiasdiruunt‚autinususrevo-

410 2846 483 2896 cant
493 2831 656 2895 seculares.
696 2832 777 2907 Quae
789 2829 903 2893 domus
914 2832 1066 2896 orationis
1078 2832 1195 2911 suerat,
1204 2845 1262 2898 aut
1271 2832 1360 2895 effici·

415 2947 466 2999 tur
476 2934 636 2998 stabulum
648 2933 780 3019 pecoris,
790 2947 845 2996 aut
856 2933 1014 3018 opilionis,
1025 2949 1080 2998 aut
1092 2934 1220 2998 lanificii
1231 2936 1361 2999 officina.

410 3039 454 3102 Et
470 3036 601 3120 quidem
624 3037 743 3123 majora
758 3036 886 3121 impune
907 3036 1039 3117 faciunt,
1054 3049 1085 3099 et
1106 3038 1198 3122 quasi
1215 3039 1361 3102 cornibus

407 3141 543 3225 geminae
557 3139 735 3224 potestatis,
750 3137 933 3212 Ecclesiam,
947 3138 977 3200 in
995 3139 1087 3224 cujus
1099 3140 1168 3203 sinu
1182 3140 1359 3223 quiescunt,

406 3256 437 3305 et
464 3254 678 3327 proteguntur
708 3240 829 3313 umbra,
858 3240 1010 3303 ventilare
1040 3262 1100 3302 non
1130 3256 1266 3305 cessant.
1311 3240 1358 3306 Ad

408 3343 581 3407 Ecclesiam
599 3364 737 3425 numque
754 3344 929 3404 llomauam
953 3343 1155 3426 confugiunt,
1171 3366 1248 3428 quae
1264 3356 1361 3408 mater

410 3448 548 3531 pietatis,
569 3442 711 3525 religioni
732 3446 895 3508 consuevit
919 3445 1085 3531 providere
1108 3445 1260 3529 quietem.
1300 3448 1361 3510 Im-

409 3547 535 3631 plorant
558 3566 650 3628 opem
674 3546 755 3628 ejus,
778 3547 984 3630 protectionis
1009 3547 1178 3633 impetrant
1202 3547 1359 3634 clypeum,

409 3671 447 3711 ne
474 3647 661 3730 cujusquam
688 3650 809 3731 possint
836 3650 1034 3734 malignitate
1061 3653 1182 3726 vexari,
1210 3664 1243 3716 et
1272 3664 1306 3716 ut
1331 3673 1361 3714 se

408 3748 529 3836 possint
550 3747 675 3832 plenius
698 3750 858 3827 exhibere,
874 3768 906 3815 et
927 3753 1067 3816 caritatis
1082 3752 1214 3838 implere
1237 3775 1360 3826 munus,

409 3876 448 3917 nc
480 3850 617 3914 decimas
646 3854 735 3928 dent,
766 3854 948 3937 Apostolico
978 3854 1146 3940 privilegio
1176 3855 1360 3920 miniuntur.

410 3952 593 4018 l‘rocetlunt
614 3952 758 4029 ulterius,
774 3968 805 4018 et
822 3955 960 4038 quesibi
983 3956 1076 4040 plura
1091 3955 1223 4041 impune
1240 3956 1361 4032 liceant,

408 4054 659 4140 ajuriselietioue
674 4058 813 4119 omnium
839 4055 1048 4121 Eeelesiarum
1065 4057 1184 4141 seipsos
1206 4058 1360 4131 eximunt,

409 4173 440 4221 et
456 4157 637 4222 efficiuntur
661 4160 813 4221 Romania
831 4157 982 4221 Ecclesiae
1005 4157 1060 4220 lilii
1083 4158 1275 4243 spirituales.
1315 4161 1362 4222 lta

410 4275 525 4333 tamen,
543 4274 577 4322 nt
594 4283 652 4343 pro
669 4261 737 4321 soro
754 4262 797 4322 rei
816 4260 934 4344 ubique
949 4261 1158 4332 conveniant3
1189 4261 1244 4324 sed
1263 4278 1362 4325 tamen

409 4360 566 4423 conveniri
591 4383 651 4423 non
676 4374 817 4444 possunt,
834 4362 891 4423 nisi
915 4362 1029 4424 llomae
1052 4365 1101 4424 vel
1126 4358 1363 4448 Hierosolymis,
