3550 5467
418 742 482 805 258
675 752 811 799 Jonttrtts
827 749 1124 797 sunusnnmausrs
1226 736 1377 815 [unauna

418 907 547 993 indigne
562 906 680 970 ferens:
714 905 768 967 Tu
793 902 895 975 nobis,
918 903 1042 989 inquit,
1058 903 1211 980 absolve,
1226 927 1284 968 cur
1303 904 1377 968 etde

417 1009 508 1087 albis,
532 1021 563 1071 et
590 1007 631 1069 de
655 1005 755 1089 nigris
780 1004 867 1081 loris,
888 1005 1012 1069 similes
1039 1005 1184 1070 macula·
1206 1005 1376 1092 gignantur.

419 1108 628 1174 Commendat
644 1129 785 1170 scomma
799 1119 831 1171 et
847 1106 990 1170 conditio
1006 1105 1206 1187 dicentiasi
1226 1108 1259 1170 in
1277 1108 1374 1173 eadem

417 1233 512 1274 eausa
523 1210 576 1284 ait,
589 1226 625 1273 ut
641 1209 667 1272 si
679 1208 776 1272 alium
793 1207 833 1271 de
848 1221 1043 1293 paupertate
1059 1231 1195 1295 pauper
1206 1209 1373 1286 irridenti

416 1313 550 1376 obscure
576 1326 697 1383 natum,
722 1325 817 1374 nutus
838 1310 984 1373 obscure.
1033 1308 1122 1373 Nam
1148 1313 1291 1375 Tarseus
1312 1316 1375 1377 Am·

418 1414 512 1499 phias
534 1436 631 1500 quum
654 1434 691 1475 ex
710 1410 881 1475 hortulano
903 1409 993 1474 dives
1014 1425 1113 1486 esset,
1139 1412 1229 1476 etin
1253 1413 1373 1477 amicum
1391 1420 1395 1425 '

417 1518 509 1602 quasi
522 1515 708 1599 degenerem
726 1512 874 1577 nonnulla
885 1512 1031 1588 dixisset,
1046 1536 1123 1577 mox
1140 1514 1297 1599 subjecit:
1321 1516 1372 1579 Sed

416 1632 449 1684 et
466 1640 523 1682 nos
538 1618 578 1681 de
598 1616 716 1680 eisdem
736 1615 907 1680 seminibus
927 1636 1052 1689 sumus,
1069 1628 1103 1679 et
1126 1638 1245 1681 omues
1266 1619 1372 1702 pariter

417 1720 508 1786 laetos
522 1720 606 1785 fecit.
654 1718 716 1784 Illa
731 1741 806 1781 vero
823 1730 997 1782 scommata
1011 1715 1140 1781 directa
1166 1718 1283 1784 laetitia
1296 1743 1371 1797 eum,

417 1824 448 1888 in
479 1848 574 1911 quem
604 1824 765 1892 dicuntur,
792 1819 978 1896 infundunt,
1006 1836 1039 1885 ut
1069 1822 1096 1884 si
1126 1821 1236 1886 virum
1267 1823 1371 1887 fortem

416 1929 578 2012 vituperes
600 1925 692 2011 quasi
715 1923 826 1988 salutis
848 1945 915 1986 suae
938 1920 1127 2006 prodigum,
1152 1936 1187 1988 et
1218 1947 1281 2009 pro
1309 1926 1371 1989 aliis

415 2027 492 2090 moti
516 2026 685 2090 volentem.
731 2030 795 2088 ¹lut
818 2022 842 2086 si
868 2023 1023 2107 objeceris
1049 2021 1190 2104 liberali,
1212 2027 1304 2112 quod
1329 2050 1371 2091 ret

416 2149 489 2190 suas
516 2127 703 2212 profundat,
730 2125 834 2188 minus
860 2124 919 2186 sibi
947 2146 1044 2210 quam
1071 2124 1145 2190 aliis
1172 2128 1372 2195 consulendo.

417 2227 469 2290 Sic
497 2236 530 2289 et
560 2225 721 2308 Diogenes
747 2226 968 2291 Antisthenem
995 2225 1156 2309 Cynicum
1189 2231 1370 2315 mugistmm

415 2350 505 2392 suum
527 2327 658 2404 solebat,
679 2327 766 2390 velut
788 2326 1013 2412 vituperando,
1032 2327 1180 2395 laudare.
1227 2333 1302 2416 Ipse
1316 2357 1370 2411 me,

414 2429 534 2505 aiebat,
548 2426 729 2492 mendicum
746 2429 821 2493 lecit
837 2452 875 2492 ex
893 2427 1007 2506 divite,
1020 2444 1053 2493 et
1069 2453 1130 2515 pro
1145 2431 1247 2496 domo
1260 2434 1370 2522 ampla,

414 2531 490 2596 fecit
511 2529 655 2595 habitare
677 2530 708 2592 in
732 2530 829 2593 dolio.
878 2530 996 2595 Melina
1018 2545 1126 2597 autem
1151 2538 1215 2598 ista
1237 2535 1370 2615 dicebat,

415 2657 512 2720 quam
537 2634 563 2698 si
587 2635 722 2697 diceret:
762 2637 883 2697 Gratus
910 2632 954 2695 illi
979 2657 1064 2709 sum,
1091 2636 1172 2720 quia
1195 2658 1248 2702 me
1272 2639 1367 2724 philo·

415 2737 562 2823 sophum,
578 2749 611 2800 et
626 2748 852 2800 consummatae
873 2734 1003 2799 virtutis
1024 2737 1130 2802 virum
1150 2737 1240 2804 lecit.
1287 2743 1370 2824 Ergo

417 2862 515 2924 qnum
532 2861 632 2903 unum
650 2860 760 2902 nomen
777 2837 957 2901 scommatis
969 2846 1021 2913 sit,
1038 2837 1159 2903 diversi
1177 2842 1209 2904 in
1220 2862 1263 2907 eo
1277 2843 1370 2907 couti·

414 2956 531 3007 nentur
559 2942 701 3006 effectus.
762 2939 841 3003 ldeo
871 2939 956 3024 apud
993 2942 1258 3009 Lacedaemonios
1291 2946 1369 3009 inter

414 3058 529 3109 caetera
553 3055 675 3108 exactae
701 3042 774 3106 vitae
799 3041 958 3119 instituta,
985 3041 1046 3105 hoc
1072 3067 1205 3130 quoque
1230 3046 1368 3112 exercitii

411 3169 514 3232 genus
535 3169 554 3209 a
577 3149 727 3231 Lycurgo
748 3144 932 3207 institutum
956 3156 1015 3220 est,
1039 3158 1077 3210 ut
1099 3145 1319 3214 adolescentes
1339 3164 1368 3215 et

412 3260 583 3312 scommata
598 3248 665 3311 sine
679 3268 784 3310 morsu
800 3244 954 3320 dicerent,
970 3258 1002 3308 et
1017 3245 1059 3310 ab
1077 3245 1150 3312 aliis
1170 3248 1206 3314 iu
1228 3273 1264 3313 se
1278 3250 1369 3327 dieta,

412 3352 536 3436 perpeti
551 3349 717 3412 discerent.
755 3350 798 3410 At
813 3345 838 3409 si
854 3345 927 3431 quis
942 3366 1054 3409 eorum
1070 3346 1103 3411 in
1119 3347 1369 3434 indignationem

411 3451 454 3514 ob
470 3452 532 3516 tale
547 3451 667 3515 dictum
684 3447 851 3535 prolapsus
865 3447 988 3521 fuisset,
1003 3445 1138 3513 ulterius
1148 3450 1176 3513 ei
1190 3451 1370 3519 inalterum
1416 3444 1426 3467 ‘

412 3551 516 3616 dicere
533 3575 593 3641 non
616 3552 739 3616 licebat.
787 3550 903 3614 Verum
924 3550 1001 3636 quia
1022 3550 1145 3617 laetitiae
1166 3552 1199 3617 in
1219 3557 1371 3622 conviciis

411 3652 594 3738 frequenter
610 3653 778 3716 insidiatur
795 3651 853 3728 ira,
867 3653 907 3717 ab
929 3651 1114 3737 hujusmodi
1133 3654 1231 3720 dictis
1252 3670 1370 3745 tempe·

412 3750 547 3814 randum
563 3762 622 3829 est,
632 3769 663 3815 ct
680 3756 876 3835 quaestiones
891 3753 1071 3816 convivales
1086 3752 1119 3815 in
1131 3777 1244 3822 omnes
1259 3781 1370 3846 propo-

411 3851 523 3916 nendo
538 3865 625 3924 sunt,
641 3865 696 3915 aut
721 3852 892 3918 solvendae.
937 3853 1033 3932 Quod
1054 3878 1159 3938 genus
1181 3874 1304 3925 veteres
1325 3863 1369 3926 its

411 3954 567 4020 ludicrum
598 3975 660 4017 non
692 3968 859 4039 putarunt,
888 3971 925 4021 ut
954 3969 987 4021 et
1012 3958 1203 4025 Aristoteles
1229 3962 1269 4027 de
1295 3964 1367 4049 ipsis

409 4058 518 4144 aliqua
539 4056 771 4143 conscripserit,
787 4071 819 4122 et
841 4059 1044 4132 Plutarchus,
1060 4074 1092 4124 et
1118 4063 1281 4148 Apuleius
1296 4088 1365 4131 eum

411 4163 582 4226 Frontone.
628 4159 694 4222 Nec
714 4160 979 4224 contemnendum
1004 4161 1056 4238 sit,
1079 4164 1171 4247 quod
1196 4181 1244 4231 tot
1267 4167 1365 4253 philo·

409 4263 611 4350 cophantium
628 4261 743 4326 meruit
758 4285 877 4325 curam.
916 4270 958 4326 At
973 4262 1005 4324 in
1021 4264 1176 4328 exercitio
1192 4267 1363 4343 rhetorum,

409 4380 612 4431 oratorumve
633 4364 714 4442 foro,
738 4363 830 4448 longe
851 4363 1096 4426 commodiorem
1120 4365 1244 4436 habent
1266 4393 1362 4435 soom·
