3550 5467
385 739 449 799 266
622 748 760 792 ioannis
774 745 1066 792 ssaasaaanrssm
1182 728 1268 808 [ms.
1283 750 1343 794 vn1.

390 924 481 977 uxor,
502 921 576 985 quae
597 913 703 963 tamen
721 920 794 961 rara
812 897 880 960 avis
905 909 965 977 est,
987 919 1065 961 cum
1083 899 1287 985 parturiente
1303 921 1347 984 ge·

392 1005 519 1077 mimus,
535 1024 608 1065 cum
633 997 833 1086 periclitante
851 1013 1056 1084 torquemur.
1093 1001 1236 1086 Sapiens
1256 1016 1347 1066 auten

392 1126 556 1190 nunquam
573 1104 660 1166 solus
674 1125 741 1166 esse
757 1113 872 1187 potest.
921 1099 1033 1165 Habet
1050 1125 1164 1166 secum
1181 1104 1347 1191 omnesqui

392 1219 477 1280 sunt,
505 1205 627 1290 quique
654 1225 794 1288 unquam
821 1202 952 1266 luerunt
976 1202 1066 1279 honi,
1089 1217 1125 1268 et
1149 1209 1293 1270 animum
1318 1207 1349 1270 li·

393 1309 504 1372 berum
527 1327 720 1390 quocunqne
736 1303 805 1367 vult
822 1305 982 1368 transfert.
1030 1305 1131 1380 Quod
1148 1328 1283 1392 corpore
1296 1330 1348 1372 noa

394 1423 512 1496 potest,
541 1406 734 1492 cogitatione
762 1403 998 1490 complectitur.
1056 1408 1104 1470 Et
1137 1407 1165 1471 si
1197 1409 1348 1472 hominum

395 1511 503 1597 inopia
522 1509 631 1585 fuerit,
648 1508 798 1594 loquetur
820 1530 894 1570 cum
920 1511 1000 1572 Deo.
1048 1512 1236 1596 Nunquam
1258 1511 1350 1576 minus

395 1613 482 1677 solus
496 1612 568 1688 erit,
582 1633 678 1696 qnam
691 1631 790 1695 quum
807 1607 894 1671 solus
906 1607 1013 1672 luerit.
1056 1611 1163 1675 Porro
1186 1611 1349 1677 liberorum

393 1738 490 1780 causa
520 1735 651 1778 uxorem
681 1711 806 1789 ducere,
833 1723 868 1775 ut
895 1709 943 1773 vel
968 1733 1085 1775 nomen
1114 1728 1267 1779 nostrum
1296 1736 1349 1781 uon

394 1818 541 1895 intereat,
563 1813 611 1877 vel
633 1813 805 1876 habeamus
825 1811 976 1895 praesidia
995 1814 1187 1892 senectutis,
1211 1830 1247 1880 et
1266 1818 1351 1882 certis

396 1930 526 1979 utamur
542 1913 722 1990 heredibus,
736 1910 975 1976 stolidissimum
997 1927 1058 1977 est.
1105 1915 1198 1992 Quid
1218 1917 1302 1981 euim
1316 1918 1351 1982 sd

395 2040 453 2081 uos
478 2016 616 2101 pertinet
643 2014 823 2078 recedentes
844 2037 862 2076 e
885 2014 1018 2091 mundo,
1042 2014 1068 2079 si
1096 2016 1229 2082 nomina
1252 2035 1353 2085 nostro

396 2118 555 2182 aliusnon
572 2130 715 2193 vocetur,
726 2138 828 2202 quum
844 2129 876 2180 et
891 2115 976 2180 filius
988 2138 1051 2180 non
1069 2119 1182 2183 statim
1194 2122 1352 2207 patrisve·

394 2217 544 2283 cabulum
555 2218 683 2295 referat,
692 2231 724 2280 et
735 2218 983 2282 innumerabiles
997 2220 1074 2298 sint,
1085 2221 1145 2306 qui
1156 2223 1353 2309 appellentur

396 2321 506 2387 eodem
528 2319 675 2384 nomine?
708 2321 780 2384 Aut
803 2344 878 2407 quas
900 2322 1072 2387 senectutis
1094 2325 1220 2389 auxilia
1239 2327 1355 2390 nutrire

397 2424 495 2498 domi,
509 2423 567 2508 qui
587 2435 644 2485 aut
660 2420 748 2507 prior
771 2434 804 2485 te
825 2423 910 2487 sorte
931 2425 1101 2501 moriatur,
1117 2439 1177 2491 aut
1193 2428 1356 2513 perversis-

397 2525 485 2590 simis
499 2523 641 2588 moribus
656 2523 708 2602 sit,
718 2536 776 2587 aut
791 2538 877 2588 certe
886 2546 987 2608 quum
1004 2525 1045 2589 ad
1058 2542 1221 2593 maturam
1233 2543 1354 2595 autem

399 2626 590 2715 pervenerit,
613 2626 704 2690 tarde
726 2626 755 2690 ei
778 2625 915 2691 videaris
936 2629 1038 2692 mori?
1078 2631 1229 2696 Heredes
1254 2646 1354 2697 autem

400 2744 433 2795 et
447 2728 601 2802 meliores,
611 2739 642 2791 et
658 2727 817 2806 certiores,
829 2741 902 2792 sunt
915 2728 1019 2805 amici,
1031 2745 1063 2795 et
1079 2735 1355 2821 propinquique·

397 2832 523 2918 judicio
537 2831 647 2915 eligas,
662 2852 760 2915 quam
780 2852 873 2915 quos,
888 2830 967 2894 velis
982 2831 1076 2909 nolis,
1092 2833 1212 2900 habere
1226 2837 1355 2923 cogaris

403 2934 497 2997 Licet
517 2945 604 2996 certa
625 2931 783 2995 hereditas
798 2931 851 3008 sit,
866 2931 943 2996 dum
962 2932 1100 3014 advivis,
1114 2937 1197 3000 bene
1217 2939 1267 3004 uti
1287 2939 1356 3004 snb·

401 3038 519 3099 stantia
534 3048 601 3113 tua,
612 3055 708 3118 quam
726 3047 783 3097 tuo
798 3031 906 3096 labore
920 3035 1069 3119 quaesita,
1080 3039 1113 3100 in
1129 3037 1270 3105 incertos
1285 3063 1356 3106 usus

400 3134 589 3219 relinquere.
635 3137 717 3199 Haec
738 3146 770 3198 et
792 3135 979 3219 hujusmodi
1002 3138 1267 3226 Theophrastus,
1285 3166 1356 3230 qua

402 3237 453 3300 vel
469 3236 535 3300 sola
549 3237 820 3301 matrimoniorum
837 3239 1014 3321 angustias,
1031 3255 1063 3304 et
1086 3243 1287 3310 calamitates
1305 3269 1357 3313 cx·

401 3339 530 3425 quisitoe
544 3338 722 3403 dulcedinis
742 3338 902 3405 sufficiunt
923 3339 1106 3423 explanare.
1154 3348 1243 3411 Scire
1258 3349 1357 3413 fertur

401 3439 521 3503 dixisse
537 3442 574 3504 P.
591 3440 739 3506 Clodius:
764 3440 836 3526 quia
853 3441 998 3526 improbe
1016 3444 1205 3529 Neptunum
1221 3465 1357 3527 accusat,

401 3543 457 3623 qui
482 3541 598 3604 iterum
625 3543 828 3626 naufragium
854 3543 941 3609 fecit.
993 3549 1040 3610 At
1065 3570 1129 3612 non
1156 3550 1240 3616 illud
1255 3551 1357 3624 ‚inele-

401 3640 531 3725 gantius
559 3641 736 3708 diceretur:
776 3646 853 3731 quia
879 3648 1023 3732 improbe
1047 3654 1206 3717 Venerem
1236 3668 1357 3721 accusat

399 3739 576 3816 adversam,
595 3743 651 3826 qni
672 3746 842 3810 secundam
864 3749 954 3814 ducit
976 3773 1120 3820 uxorem.
1168 3756 1252 3829 Quis
1277 3761 1356 3822 enim

401 3843 430 3906 ei
452 3843 676 3926 compatietur,
693 3849 749 3930 qui
773 3852 869 3914 semel
892 3851 1018 3917 solutus
1038 3877 1058 3916 a
1076 3855 1226 3935 vinculis,
1242 3859 1359 3924 revolat

402 3943 443 4008 ad
458 3955 594 4006 catenas.
640 3943 737 4008 Plane
757 3949 912 4034 indignus
932 3965 979 4016 est
1003 3952 1163 4021 libertatis
1184 3958 1314 4036 honore,
1328 3971 1358 4023 ct

403 4049 521 4134 quiete,
543 4043 599 4130 qui
622 4045 662 4108 ad
686 4070 859 4115 excussum
883 4054 1047 4118 servitutis
1074 4062 1214 4124 recurrit
1235 4061 1358 4145 jugum.

404 4149 499 4216 Unde
513 4148 663 4212 monstris
677 4148 778 4216 simile
793 4167 853 4231 est,
868 4153 957 4239 quod
974 4156 1005 4219 hi
1023 4157 1080 4242 qui
1103 4181 1168 4223 non
1185 4163 1282 4226 modo
1295 4160 1361 4248 phi·

401 4251 565 4337 losophiae‚
578 4250 631 4314 sed
648 4263 679 4314 et
695 4253 856 4340 religionis
867 4255 926 4318 sibi
941 4257 1111 4324 vendicant
1123 4283 1255 4342 nomen,
1265 4261 1358 4329 areeri

403 4367 566 4438 nequeunt
581 4354 622 4418 ab
642 4355 843 4440 amplexibus
862 4357 1044 4423 mulierum.
1093 4364 1187 4449 Soepe
1210 4369 1295 4431 enirn
1310 4364 1360 4453 qni
