3550 5467
529 735 589 793 toz
775 746 911 792 romnis
927 745 1208 790 sanasnaanznsrs
1318 733 1407 812 [un.
1423 742 1482 788 vu.

530 901 609 983 Cap.
622 899 652 962 7.
678 899 771 966 Quod
781 900 849 962 alia
864 917 986 975 scaeua,
997 898 1064 958 atio
1076 898 1227 973 rationis,
1237 893 1307 956 alia
1320 893 1488 975 roligionis

570 1000 968 1080 auctoritatcprooaatur:
978 995 1190 1080 etquodfidcr
1199 998 1232 1057 in
1240 996 1482 1058 omnidoctriaa

572 1102 704 1181 aliquod
720 1101 836 1163 etobite
849 1102 981 1163 initium
994 1099 1152 1170 vendicat,
1168 1098 1254 1179 quod
1267 1098 1399 1179 probari
1416 1117 1485 1158 aori

574 1204 686 1274 aerea·
709 1211 739 1264 et
755 1204 842 1282 qaod
854 1203 923 1264 otia
942 1221 1003 1282 per
1017 1221 1051 1262 ae
1064 1200 1254 1261 doctioribus
1267 1201 1484 1271 innotescant,

572 1305 640 1367 atio
669 1304 830 1366 rudibus:
851 1310 883 1365 ct
912 1311 1076 1385 quatenns
1104 1300 1325 1362 dubitandum
1355 1302 1422 1362 rit.-
1452 1305 1485 1361 et

572 1407 654 1489 quod
669 1407 856 1488 pertinacia
878 1406 1022 1467 ueritatis
1044 1404 1282 1485 inquiritiorrem
1303 1401 1486 1485 plurimam

574 1508 714 1591 impedit.

576 1641 667 1704 Sunt
682 1638 765 1702 enim
779 1636 945 1713 nonnulla,
965 1658 1037 1721 quar
1052 1657 1162 1698 sensus
1177 1633 1319 1711 rationis,
1341 1645 1399 1698 aut
1415 1630 1486 1697 reii-

532 1740 637 1823 gionis
650 1738 821 1824 persuadet
838 1736 1020 1800 auctoritas.
1065 1737 1192 1799 Horum
1215 1733 1379 1798 dubitatio
1400 1733 1487 1797 iufir-

533 1840 664 1916 mitaris,
678 1839 794 1902 erroris
816 1852 924 1900 notam
940 1836 1050 1912 habet,
1065 1844 1122 1897 aut
1136 1835 1288 1898 criminis.
1334 1835 1489 1912 Quaerere

533 1941 616 2004 euim
632 1962 672 2003 an
682 1939 727 2002 sol
738 1937 913 2025 splendeat,
930 1937 1035 2001 albeat
1052 1940 1118 2010 nix,
1132 1935 1338 2020 igniscaleat,
1348 1937 1488 2001 bominis

534 2054 581 2104 est
597 2062 707 2103 sensus
728 2039 912 2124 indigentis.
956 2044 1000 2102 At
1021 2060 1098 2102 vero
1119 2060 1159 2100 an
1183 2036 1339 2101 ternarius
1361 2037 1488 2101 binario

535 2140 635 2224 major
655 2141 707 2214 sit,
726 2140 897 2222 ipsumque
917 2151 1020 2201 totum
1039 2151 1072 2201 et
1096 2138 1298 2202 medietatem
1322 2137 1394 2223 ejus
1413 2159 1487 2201 cou-

535 2240 646 2315 tineat,
657 2260 818 2324 quarere:
842 2250 875 2300 et
884 2260 923 2300 an
936 2237 1160 2323 quaternarius
1170 2237 1210 2301 sit
1220 2237 1340 2324 duplus
1351 2237 1484 2313 binario,

533 2341 695 2405 indiscreti
709 2352 771 2418 est,
781 2355 813 2403 et
824 2339 876 2403 cui
889 2353 936 2403 est
949 2341 1032 2404 ratio
1045 2340 1157 2416 otiosa,
1171 2352 1228 2404 aut
1240 2339 1330 2405 deest
1344 2340 1486 2404 omnino.

535 2443 598 2520 Qui
615 2465 690 2505 vero
705 2464 744 2504 au
767 2444 858 2506 Dens
878 2441 921 2505 sit
941 2440 1073 2505 deducit
1092 2442 1125 2504 iu
1149 2441 1371 2526 quaestionem,
1391 2455 1424 2505 et
1446 2464 1486 2504 an

534 2541 1488 2628 idernpotens,sapienssit‚anbouus,n0umodoirreligiosus‚

533 2646 589 2711 sed
604 2643 747 2731 perfidus
767 2648 828 2722 e‘st,
842 2657 874 2708 et
890 2664 985 2728 poena
1006 2643 1141 2708 docente
1155 2643 1274 2730 dignus
1295 2656 1343 2708 est
1359 2643 1485 2708 instrui.

534 2750 619 2814 Sunt
629 2742 711 2811 enim
724 2743 912 2808 inomnibus
918 2743 1146 2830 philosophicis
1154 2744 1330 2830 disciplinis
1336 2743 1487 2831 quadarn

534 2847 650 2934 prima,
675 2858 720 2921 et,
747 2857 784 2908 ut
808 2846 855 2908 ita
880 2844 1018 2919 dicatur,
1042 2844 1165 2909 Cratini
1191 2845 1300 2925 verbo,
1325 2844 1487 2931 primitiva

533 2947 744 3036 principiade
755 2946 886 3034 quibus,
895 2946 1006 3010 eodem
1018 2959 1158 3025 auctore,
1169 2947 1317 3013 dubitare
1325 2947 1487 3024 nonlicet,

533 3053 595 3118 uisi
610 3051 660 3116 his
674 3073 812 3137 quorum
828 3049 918 3115 labor
932 3049 964 3113 in
986 3073 1025 3114 eo
1045 3065 1199 3126 versatur,
1216 3073 1255 3114 ne
1277 3049 1357 3136 quid
1374 3052 1485 3116 sciant.

536 3151 618 3215 Nam
646 3151 728 3214 sicut
749 3150 898 3236 quadam
923 3172 956 3213 se
976 3150 1134 3235 corporeis
1154 3150 1298 3215 sensibus
1320 3151 1484 3237 ingerunt,

534 3268 571 3318 ut
593 3251 679 3338 apud
699 3265 840 3314 sensatos
860 3249 958 3314 latere
978 3272 1041 3314 non
1064 3251 1207 3336 possint:
1240 3249 1390 3336 quoedam
1411 3251 1487 3317 sub·

533 3355 639 3418 tiliora
654 3364 740 3424 sunt,
760 3364 797 3414 ut
817 3350 877 3412 nisi
900 3349 1085 3417 familiarius
1099 3348 1253 3427 adhibita,
1270 3365 1302 3416 et
1318 3366 1486 3438 prospecta

534 3450 731 3536 diligentius,
752 3462 785 3512 et
810 3458 1003 3532 pertractata
1025 3451 1101 3527 siut,
1122 3473 1185 3515 non
1214 3453 1410 3518 sentiantur:
1442 3454 1488 3519 sic

535 3565 609 3617 eunt
630 3549 739 3635 aliqua
761 3562 851 3613 tanta
873 3549 923 3615 sui
945 3551 1017 3615 lucc
1039 3551 1218 3638 perspicua,
1242 3566 1279 3618 ut
1301 3554 1401 3618 latere
1424 3577 1485 3618 non

534 3652 655 3739 possint
670 3649 801 3714 rationis
814 3665 993 3736 aspectum,
1013 3652 1068 3716 sed
1092 3654 1302 3718 communiter
1318 3654 1488 3721 videantur

532 3755 575 3820 ab
588 3752 758 3827 omnibus3
781 3753 883 3838 magis
904 3770 1009 3818 tamen
1030 3768 1062 3818 et
1083 3754 1198 3833 minus,
1217 3779 1278 3842 pro
1298 3758 1486 3843 capacitate,

533 3868 566 3919 et
582 3855 704 3919 viribus
714 3853 923 3936 singulorum.
969 3854 1044 3921 Alia
1055 3854 1203 3939 quadam
1216 3856 1487 3943 sunt,quaequasi

534 3956 672 4044 quadarn
685 3958 838 4018 scrutinio
846 3954 1003 4039 indigent,
1013 3968 1044 4019 et
1055 3954 1133 4047 quia
1143 3958 1275 4020 istorum
1285 3959 1488 4022 consecutiva

534 4073 622 4135 sunt,
643 4053 829 4141 diligentius
851 4068 1101 4141 perscrutantem
1127 4055 1225 4120 latere
1254 4081 1316 4121 non
1342 4072 1485 4146 praesunt.

533 4163 578 4227 Et
594 4159 645 4223 his
660 4173 776 4231 tamen,
789 4170 820 4221 et
831 4157 905 4230 illis,
920 4157 1066 4242 quadam
1080 4155 1228 4223 videntur
1240 4162 1400 4224 anteriora
1410 4183 1484 4233 esse,

534 4284 608 4344 qnae
624 4261 706 4322 ratio
720 4256 929 4342 philosophia
943 4256 1035 4341 quasi
1052 4257 1083 4319 in
1099 4258 1175 4322 fidei
1192 4261 1403 4326 fundamento
1416 4284 1486 4325 aon-

533 4361 648 4436 ntituit,
663 4375 784 4447 petens,
802 4374 838 4422 ut
860 4360 892 4421 in
916 4380 971 4443 spe
986 4359 1172 4445 proficiendi
1196 4387 1233 4427 ea
1250 4363 1309 4427 sibi
1325 4364 1487 4451 gratuitos
