3550 5467
415 715 480 778 284
667 728 807 775 scissis
822 727 1113 773 sanusuuarassrs
1211 709 1296 790 [um.
1312 729 1374 776 vnr.

414 906 485 946 rum
503 894 616 946 natura
631 880 802 967 proclivior
823 880 928 944 estad
951 880 1137 944 avaritiam.
1179 881 1265 945 Sunt
1282 894 1374 945 tamen

414 984 533 1069 quibus
547 998 593 1047 est
615 983 783 1047 indicenda
798 980 958 1062 calcatius,
975 995 1011 1046 ut
1034 983 1094 1066 qui
1112 1004 1176 1046 sua
1197 981 1376 1067 prodigunt,

411 1100 443 1150 et
460 1086 580 1149 ratione
594 1098 778 1171 contempta
793 1083 974 1163 effundunt,
984 1105 1048 1146 nou
1065 1083 1289 1147 discernentes
1303 1084 1375 1169 quid

413 1211 490 1252 usus
502 1187 542 1250 sit
554 1187 602 1249 vel
616 1188 745 1250 abusus.
777 1187 849 1262 Quo
864 1184 996 1270 quidem
1010 1198 1273 1271 temperamento
1289 1208 1373 1250 usum

411 1312 477 1351 esse
500 1290 635 1352 serrium
659 1288 815 1374 Opidium
840 1288 1040 1351 Canusinam
1066 1291 1098 1351 in
1126 1291 1246 1352 ultimo
1267 1288 1373 1370 elogio,

411 1413 510 1476 quum
534 1390 618 1454 filios
638 1404 727 1476 peste
747 1388 905 1452 contraria
927 1388 1051 1452 videret
1075 1405 1270 1475 occupatos,
1284 1391 1374 1453 refert

414 1493 578 1555 Horatius.
624 1488 819 1574 Simpliciter
834 1501 939 1551 tamen
960 1501 1086 1551 constat
1108 1487 1373 1574 frugalitatemin

413 1597 506 1660 bonis
528 1593 768 1667 numerandam,
792 1605 904 1678 utpote
920 1591 1020 1670 illarn,
1042 1615 1120 1676 quae
1142 1596 1288 1658 Saturno
1309 1617 1373 1679 reg·

413 1712 510 1762 nante
536 1719 634 1781 regna
660 1716 755 1757 aurea
781 1696 982 1778 temperavit,
1007 1707 1041 1756 et
1066 1694 1246 1757 eorundem
1273 1696 1373 1760 omnia

413 1800 610 1884 dispensavit
625 1796 736 1859 officia.
777 1797 858 1859 Haec
873 1807 921 1857 est
937 1817 1012 1879 quae
1029 1800 1191 1872 Astream,
1206 1810 1239 1861 et
1255 1797 1372 1883 pudici·

414 1902 490 1966 tiam
508 1901 648 1965 interris
670 1897 794 1962 diutius
815 1898 930 1973 tenuit,
947 1896 1049 1960 donec
1072 1921 1137 1973 eas,
1162 1899 1372 1964 invalescente

412 2006 505 2077 luxu,
515 2013 668 2083 regnante
679 2001 773 2078 Jove,
782 1998 821 2061 ad
834 2019 965 2084 superos
976 2000 1114 2083 contigit
1124 2000 1278 2065 evolasse.
1309 2003 1371 2066 Nos

412 2102 480 2166 haec
486 2100 595 2164 fabula
602 2100 739 2185 respicit,
748 2113 784 2164 ut
795 2100 929 2163 sciamus
939 2101 1006 2164 sine
1013 2101 1205 2184 frugalitate
1217 2126 1278 2167 non
1285 2127 1370 2190 posse

407 2202 579 2289 justitiam,
592 2216 647 2264 aut
661 2201 850 2285 pudicitiam
863 2203 1054 2266 conservari.
1087 2204 1257 2289 Siquidem
1270 2228 1370 2269 ueces-

412 2305 488 2368 sitas
508 2303 674 2366 exercendi
698 2302 792 2366 luxus
814 2303 959 2367 excludit
976 2305 1153 2389 justitiam,
1173 2320 1208 2370 et
1232 2308 1369 2371 exercitii

411 2404 559 2490 voluptas
574 2404 761 2490 pudicitiam
777 2403 942 2491 propellit.
972 2407 1028 2470 Ait
1041 2408 1127 2471 enim
1142 2433 1149 2470 :
1174 2412 1232 2494 qui
1245 2409 1368 2475 festinat

412 2506 825 2585 ditari,noneritinnocens
843 2505 931 2569 Illud
940 2508 1159 2572 tamenClodii
1168 2532 1368 2597 nequaquam

413 2607 560 2691 denigrat
575 2605 769 2690 frugalitatis
785 2607 948 2682 honorem,
961 2607 1015 2670 sed
1026 2608 1157 2671 videtur
1168 2610 1280 2694 potius
1290 2633 1370 2673 cum·

414 2708 564 2772 mendara
578 2707 733 2770 decorem.
769 2709 903 2772 Constat
917 2707 1000 2769 enirn
1024 2730 1232 2795 nequaquam
1254 2711 1367 2775 malum

412 2837 490 2892 esse,
515 2811 600 2898 quod
628 2812 660 2873 in
684 2808 909 2897 patrocinium,
933 2824 965 2875 et
990 2811 1229 2876 excusationem
1254 2813 1368 2877 sinistri

412 2914 549 2979 rumoris
586 2912 769 2976 assumitur.
816 2912 867 2974 Sic
902 2911 1012 2976 fuscus
1042 2912 1129 2976 color
1155 2917 1285 3000 nigrum
1315 2936 1368 2977 en·

411 3029 544 3089 tenuat,
568 3027 601 3078 et
622 3013 710 3098 quod
737 3012 903 3097 turgidum
922 3027 981 3089 est,
1005 3015 1135 3079 nomine
1162 3016 1368 3100 plenitudinis

410 3118 594 3181 honoratur.
641 3117 701 3178 Est
725 3127 830 3178 autem
858 3113 1025 3198 frugalitas
1049 3116 1154 3180 virtus
1174 3118 1367 3183 moderatrix

411 3219 534 3295 utendi,
556 3231 588 3281 et
614 3216 769 3280 abutendi
795 3215 915 3298 ignara.
962 3214 1051 3279 Nihil
1078 3217 1185 3302 gelide
1213 3221 1370 3285 ministrat

410 3334 465 3383 aut
481 3319 604 3395 timide,
621 3319 675 3382 sed
686 3321 715 3382 ei
726 3331 829 3382 tamen
842 3316 923 3381 ratio
935 3332 1059 3382 constat
1071 3319 1236 3408 impensae.
1262 3323 1368 3388 Rebus

410 3421 553 3505 quidem,
570 3420 623 3483 sed
649 3421 709 3483 sibi
732 3421 834 3504 magis
856 3421 968 3507 parcit.
1015 3421 1104 3485 Nihil
1121 3442 1179 3488 aut
1203 3425 1366 3489 minimum

410 3521 570 3584 subtrahit
593 3523 677 3598 usui,
709 3522 763 3585 sed
788 3521 925 3586 luxuriae
954 3522 1033 3586 nihil
1056 3527 1188 3588 omnino
1211 3526 1367 3613 indulget.

410 3620 575 3706 Siquidem
598 3621 841 3705 diligentissima
871 3640 929 3688 est.
978 3623 1115 3692 Possunt
1146 3628 1187 3692 ad
1211 3651 1367 3693 commen·

407 3723 566 3786 dationem
582 3723 651 3805 ejus
665 3725 808 3789 sufficere
824 3752 898 3810 quae
915 3729 1014 3805 Zeno,
1029 3753 1102 3814 quan
1123 3732 1282 3812 Socrates,
1296 3755 1366 3819 quaa

413 3823 514 3898 Plato,
532 3847 604 3908 quae
621 3825 914 3915 Aristotelesque.
936 3831 1077 3893 omnium
1101 3832 1365 3919 philosophorum

408 3927 524 3992 chorus
539 3926 579 3990 de
588 3928 776 4014 frugalitate
787 3934 943 3998 servanda
955 3932 1171 3997 tradiderunt.
1218 3934 1281 3999 Sed
1293 3935 1367 4020 quia

409 4031 476 4094 haec
506 4045 690 4116 pervetusta
716 4048 790 4098 sunt
813 4035 952 4115 uomina,
977 4050 1034 4099 aut
1061 4059 1173 4100 eorum
1202 4061 1265 4101 nou
1295 4052 1365 4101 sunt

408 4147 567 4219 praecepta
579 4133 724 4211 celebria,
739 4135 785 4198 rel
797 4139 914 4199 Seneca
931 4150 1038 4200 noster
1047 4137 1216 4215 audiatur,
1228 4141 1284 4223 qui
1299 4161 1363 4202 eam

408 4236 506 4300 tantis
522 4236 670 4299 laudibus
685 4236 786 4311 effert,
810 4251 845 4302 ut
861 4239 1007 4323 quisquis
1027 4237 1151 4324 aliquid
1168 4246 1299 4306 omnino
1313 4240 1366 4303 ad·

403 4336 502 4417 jicere
528 4338 708 4412 tentaverit,
735 4340 829 4404 ociari
858 4361 952 4425 quam
981 4340 1102 4423 aliquid
1128 4365 1226 4426 agere
1253 4342 1366 4408 rectius
