3550 5467
401 708 465 767 2⁴8
652 717 787 761 toruum
803 715 1093 760 assessuumusis
1199 697 1281 775 [ms.
1296 714 1359 759 rut.

403 871 656 958 amplectentem·
689 866 841 931 Platonici
858 889 947 948 ergo,
959 880 991 930 et
1010 867 1113 930 Stoici
1130 863 1162 929 in
1180 864 1359 951 templorum

406 975 484 1037 lucis
493 988 523 1035 et
538 969 714 1057 porticibus
728 968 949 1046 versabantur,
959 985 995 1032 ut
1007 968 1169 1033 admoniti
1181 967 1362 1050 augustioris

406 1073 578 1138 habitaculi
600 1072 778 1144 sanctitate,
795 1069 872 1134 nihil
896 1068 997 1145 aliud,
1014 1092 1115 1155 quam
1140 1070 1183 1134 de
1199 1068 1361 1132 virtutibus

404 1177 590 1259 cogitarent.
638 1179 730 1238 Hanc
756 1186 861 1237 autem
891 1171 1134 1236 meditationem
1163 1195 1227 1235 non
1254 1171 1361 1235 babent

408 1277 464 1358 illi,
479 1300 618 1364 quorum
644 1281 733 1341 Deus
749 1289 858 1338 venter
880 1287 938 1347 est,
955 1293 987 1339 et
1006 1275 1193 1360 expectatio
1215 1276 1247 1338 in
1262 1274 1361 1337 coniu-

407 1381 549 1451 sionem;
581 1401 720 1465 quorum
742 1377 846 1462 gloria
867 1389 1001 1455 stercus,
1024 1391 1058 1441 et
1080 1378 1179 1460 ignis,
1194 1392 1226 1442 et
1247 1376 1360 1441 vermis

408 1485 547 1550 Videtur
567 1498 599 1548 et
616 1481 788 1568 Apostolus
805 1481 864 1559 his,
879 1504 963 1566 quos
986 1481 1027 1544 ad
1045 1504 1154 1545 veram
1176 1482 1283 1547 erudit
1297 1482 1360 1566 phi·

408 1588 596 1673 losophiam,
620 1583 851 1671 sumptuariam
874 1583 1082 1669 praescribere
1106 1584 1223 1668 legem,
1240 1584 1358 1648 dicens:

411 1690 576 1755 Habentes
607 1689 727 1752 victum
758 1699 788 1749 et
820 1684 984 1763 vestitum,
1010 1686 1061 1749 his
1090 1687 1236 1751 contenti
1260 1685 1358 1750 simos

404 1782 574 1857 'Caeterum
601 1804 637 1854 ut
662 1811 733 1853 cum
759 1786 820 1850 mei
843 1785 1010 1865 similibus,
1033 1787 1200 1873 pinguiori
1227 1788 1362 1854 Minerva

410 1910 514 1966 utens,
533 1892 640 1957 mitius
656 1914 760 1976 agam,
775 1889 881 1952 omnia
899 1911 974 1974 quae
988 1912 1067 1954 usus
1088 1891 1297 1965 necessitatis,
1310 1903 1361 1954 aut

409 2018 492 2058 verae
516 1994 689 2058 honestatis
711 1993 847 2078 alicujus
867 1992 900 2054 in
924 2014 968 2066 se,
989 2005 1047 2056 aut
1069 1993 1102 2056 in
1127 1993 1206 2073 suis,
1227 1993 1362 2058 adhibita

409 2097 540 2170 ratione,
556 2109 586 2159 et
603 2095 744 2158 deducta
758 2091 912 2156 abutendi
925 2092 1051 2156 licentia
1065 2095 1180 2178 exigit,
1192 2093 1225 2159 in
1241 2095 1362 2159 alimen·

409 2213 514 2260 torum
539 2210 570 2259 et
593 2195 853 2260 indumentorum
878 2194 1031 2258 rationem
1059 2197 1188 2262 cadant.
1228 2199 1308 2261 Nam
1332 2210 1362 2261 et

408 2299 467 2361 hoc
497 2295 697 2383 philosophia
727 2296 898 2361 clientibus
927 2297 993 2362 suis
1023 2297 1184 2386 indulget,
1211 2314 1244 2364 et
1274 2299 1363 2364 solim

409 2397 677 2462 immoderationis
692 2396 821 2462 cohibet
837 2398 1127 2484 intemperantiam.

411 2576 490 2656 Cap.
508 2578 537 2636 9.
563 2573 655 2646 Quod
673 2573 770 2634 etiam
792 2572 828 2633 in
846 2593 941 2634 sacro
960 2575 1125 2654 scriptura
1140 2584 1221 2639 aunt
1242 2580 1364 2660 optima

454 2675 621 2739 civilitatis
634 2676 774 2755 reputo:
797 2679 829 2735 et
843 2672 927 2754 quod
941 2673 1025 2735 nihil
1038 2676 1162 2739 virtute
1175 2679 1323 2741 civilius:
1336 2684 1364 2741 et

453 2796 521 2858 quo
532 2781 607 2837 strat
615 2774 738 2855 regula
750 2773 919 2836 civilitatis
930 2773 965 2834 in
977 2777 1136 2839 concinis
1145 2777 1363 2842 observando:

454 2889 484 2942 et
502 2880 542 2941 de
556 2876 758 2940 verecundia.

455 2998 594 3061 Dictum
617 3007 664 3059 est
681 2992 913 3081 philosophiam
936 2996 1036 3060 totius
1058 2997 1234 3075 civilitatis,
1257 3012 1289 3063 et
1303 3021 1364 3063 otn-

412 3099 498 3163 nium
520 3096 716 3182 agendorum
740 3119 807 3161 esse
829 3097 1027 3182 magistram,
1046 3113 1079 3163 et
1102 3123 1216 3166 eorum
1241 3125 1314 3190 quae
1333 3101 1363 3164 in

410 3200 563 3266 conviviis
586 3198 764 3263 exercenda
785 3208 869 3274 sunt,
892 3197 994 3263 officia
1017 3199 1213 3287 dispensare.
1262 3205 1364 3282 Quum

412 3305 474 3370 sint
490 3327 567 3389 ergo
576 3301 671 3388 plura
683 3299 843 3364 civilitatis
858 3315 1030 3388 praecepta,
1041 3302 1132 3368 illius
1147 3306 1205 3392 qui
1222 3307 1365 3371 omnibus

411 3406 611 3494 philosophis
641 3418 673 3468 et
696 3404 893 3490 sapientibus
916 3405 1086 3481 antecellit,
1116 3410 1231 3494 etqui
1258 3410 1366 3496 quovis

410 3506 601 3592 philosopho
623 3506 745 3570 civilior
767 3520 826 3581 est,
848 3507 949 3572 civilis
971 3508 1083 3593 regula
1104 3509 1235 3576 videtur
1257 3512 1367 3577 merito

410 3607 882 3693 anteponendapostcrioribus.
917 3610 1071 3695 Aitergo:
1095 3613 1205 3689 Quum
1216 3613 1366 3679 invitatus

410 3709 508 3774 lueris
530 3708 571 3771 ad
589 3711 730 3792 nuptias,
754 3709 818 3773 noli
836 3711 942 3778 locum
966 3735 1196 3801 proeoccupare
1219 3716 1365 3802 primum,

411 3835 449 3876 ne
464 3813 546 3875 sorte
567 3808 751 3873 honoratior
768 3827 798 3875 te
817 3814 858 3878 sit
882 3814 1046 3892 invitatus,
1070 3829 1102 3881 et
1116 3816 1205 3882 dicat
1221 3819 1292 3899 tibi,
1311 3819 1364 3906 qui

412 3931 443 3978 re
465 3912 625 3990 invitavit,
649 3912 700 3974 Da
730 3911 806 3977 huic
835 3913 951 3992 locum,
974 3929 1007 3980 et
1033 3930 1110 3982 tuuc
1134 3919 1271 4005 incipias
1294 3943 1362 3985 cum

412 4018 528 4082 rubore
552 4014 760 4079 novissimum
789 4016 894 4082 locum
918 4031 1035 4084 tenere.
1080 4021 1144 4086 Sed
1170 4025 1320 4088 recumbe
1334 4024 1363 4086 in

410 4122 580 4187 novissimo
603 4118 680 4189 loco.
699 4135 734 4182 ut
757 4143 857 4206 quum
883 4135 915 4185 te
939 4122 1065 4202 viderit,
1081 4125 1136 4211 qui
1161 4138 1194 4190 te
1210 4126 1364 4204 invitavit,

410 4227 494 4290 dicat
512 4224 591 4288 tibi:
618 4222 730 4284 Amice
745 4223 878 4286 ascende
894 4228 1051 4310 superius,
1067 4227 1171 4291 eterit
1190 4229 1250 4293 tibi
1266 4229 1363 4313 gloria

409 4350 512 4390 coram
531 4322 623 4388 simul
637 4322 922 4420 discumbentibus.
948 4325 1070 4389 Deinde
1080 4326 1164 4391 lrunc
1181 4332 1363 4406 articulum,
