3550 5467
275 747 349 793 car.
365 727 445 807 xrn]
637 745 893 793 rosrcnsmcns.
1175 739 1238 797 979

275 908 391 980 agente
418 894 632 960 tumultuarit.
678 897 723 959 Et
750 897 879 981 quidem
910 910 1031 963 constat
1062 921 1135 963 cum
1162 901 1232 986 ipso

276 999 431 1062 histrione
440 997 630 1062 contendere
641 997 780 1074 solitum,
792 1011 898 1063 utrum
910 999 962 1063 ille
974 1001 1090 1090 saepius
1099 1001 1229 1067 eandem

276 1100 464 1164 sententiam
490 1098 583 1162 variis
605 1098 747 1182 gestibus
769 1099 915 1179 efficeret,
937 1126 976 1166 an
1001 1102 1067 1186 ipse
1090 1123 1146 1187 per
1168 1104 1231 1167 elo-

277 1205 418 1290 quentiae
434 1200 569 1287 copiam,
585 1223 726 1263 sermone
742 1201 866 1264 diverso
881 1205 1115 1288 pronunciaret.
1150 1206 1231 1283 Quae

276 1329 324 1370 res
339 1305 381 1369 nd
396 1305 479 1368 hanc
494 1301 571 1367 artis
586 1327 653 1367 sure
669 1302 817 1366 fiduciam
835 1305 987 1368 Roscium
1009 1306 1175 1383 abstraxit,
1193 1322 1229 1373 ut

275 1408 392 1472 librum
414 1407 634 1482 conscriberet,
651 1430 717 1492 quo
739 1406 949 1492 eloquentiam
971 1432 1043 1473 cum
1067 1409 1231 1477 histrionia

275 1518 484 1593 compararet.
524 1509 557 1570 Is
573 1519 621 1571 est
637 1507 782 1581 Roscius,
799 1507 854 1593 qui
878 1509 972 1572 etiem
990 1509 1088 1593 Syllae
1108 1510 1230 1575 carissi·

274 1632 346 1674 mus
362 1609 436 1683 fuit,
453 1621 484 1672 et
499 1609 617 1672 annulo
631 1631 728 1671 nureo
743 1609 783 1672 ab
798 1609 907 1672 eodem
924 1609 1079 1673 dictatore
1094 1610 1231 1676 donatus

274 1725 334 1778 est.
379 1714 485 1776 Tanta
499 1725 605 1775 entem
628 1710 690 1775 suit
705 1711 809 1795 gratia
827 1728 860 1776 et
871 1711 984 1795 gloria,
1003 1724 1038 1774 ut
1054 1711 1229 1775 mercedem

274 1814 422 1878 diurnam
435 1813 1230 1900 depublicomilledenariossinegregalibussolus
1334 1845 1336 1848 >

274 1916 444 2002 occiperet.
489 1919 645 2001 AEsopum
669 1938 800 2001 quoque
821 1939 859 1979 ex
884 1917 950 2002 pari
974 1928 1041 1981 arte
1063 1916 1229 1981 ducenties

275 2017 454 2082 sestertium
472 2017 636 2101 reliquisse
648 2030 781 2081 constat.
816 2017 877 2080 Sed
889 2018 1009 2082 utinam
1021 2017 1045 2081 si
1058 2017 1229 2082 histriones

275 2118 427 2182 videntur
449 2117 491 2180 ob
513 2117 734 2182 auctoritatem
760 2119 932 2195 Ciceronis,
947 2132 977 2181 et
1002 2117 1227 2201 predictorum

274 2218 422 2296 heroum,
438 2220 469 2283 in
493 2233 610 2283 coetum
634 2220 822 2304 sapientium
846 2220 1049 2296 admittendi,
1070 2221 1229 2306 eligantur

276 2323 394 2386 Roscio
416 2322 543 2395 similes,
559 2335 591 2386 et
613 2321 746 2406 AEsop0,
767 2323 823 2407 qui
847 2323 906 2387 etsi
929 2346 990 2386 non
1012 2322 1125 2404 facere,
1141 2323 1230 2410 quod

274 2439 382 2489 tamen
405 2424 452 2487 illi
479 2438 641 2497 noverant,
668 2422 717 2486 rel
743 2424 918 2509 intelligere
941 2425 1040 2488 libros
1062 2425 1173 2503 sciant,
1197 2440 1228 2492 et

273 2537 434 2589 amatores
456 2524 518 2588 sint
536 2524 653 2609 potius
674 2547 768 2610 quam
793 2525 1031 2610 impugnatores
1054 2524 1230 2604 literarum,

273 2649 357 2712 quas
379 2649 471 2690 nemo
494 2648 632 2711 unquam
657 2627 792 2710 sapiens,
807 2639 863 2690 aut
885 2627 989 2689 bonus
1011 2626 1085 2689 odio
1108 2626 1229 2692 habuit.

274 2728 462 2793 Ciceronem
484 2727 581 2790 refert
598 2726 742 2790 Valerius
765 2727 871 2790 literas
893 2727 1131 2813 contempsisse,
1149 2729 1228 2794 etin

273 2841 463 2912 contemptu
478 2828 548 2912 ipso
567 2827 666 2890 fuisse
682 2827 800 2890 sontem
820 2826 1129 2891 abundantissimum
1147 2828 1232 2907 litter

273 2952 397 3006 rorum,
415 2929 457 2994 ob
474 2928 534 2991 hoc
549 2928 632 2994 sorte
648 2928 734 3013 quod
753 2928 894 2992 studium
910 2928 1045 3013 negotiis
1060 2942 1231 3016 postpone·

274 3033 341 3096 bot.
372 3034 454 3095 Nam
466 3031 581 3097 institit
597 3033 642 3094 eis
658 3032 764 3109 etiam,
777 3033 854 3096 dum
867 3031 1072 3117 contempsit:
1097 3033 1230 3120 ipseque

273 3147 478 3221 contemptus
494 3135 667 3208 Ciceronis,
681 3133 854 3198 multorum
868 3132 973 3198 studio
989 3131 1159 3197 studiosior
1171 3148 1228 3200 est.

276 3238 349 3301 Nou
363 3237 454 3301 facile
464 3250 568 3300 tamen
581 3235 782 3310 crediderim,
792 3235 831 3298 ad
844 3235 902 3298 hoc
914 3257 1096 3320 quenquam
1110 3235 1230 3320 impelli

275 3363 368 3426 posse
383 3339 569 3410 litteratum,
588 3353 624 3403 ut
639 3337 822 3402 histrionem
839 3337 1037 3423 profiteatur,
1050 3337 1122 3401 licet
1137 3335 1231 3402 facile

275 3441 480 3505 inveniantur
502 3440 742 3526 quamplurimi,
763 3464 844 3525 quos
865 3463 926 3503 non
951 3439 1051 3523 pudet
1073 3463 1178 3525 agere,
1199 3454 1231 3506 et

276 3543 410 3630 implere
422 3543 586 3608 sordidum
600 3542 795 3608 histrionem.
826 3546 945 3608 Gestus
956 3542 1113 3630 siquidem
1126 3543 1231 3629 expri-

277 3659 383 3721 munt,
398 3668 505 3710 rerum
527 3645 664 3710 utilitate
685 3645 834 3709 deducta.
873 3646 992 3710 Fertur
1011 3649 1131 3710 Beatus
1152 3649 1230 3712 Hie-

277 3771 431 3834 ronymus
452 3762 515 3812 tres
536 3772 556 3811 a
577 3770 684 3811 mensa
699 3747 829 3813 clericos
851 3747 1033 3822 exclusisse,
1047 3747 1124 3833 quia
1145 3748 1231 3835 ipsos

276 3850 501 3936 incompositos
518 3849 608 3925 vidit,
622 3862 714 3934 turpe
727 3849 846 3914 ducens
856 3850 988 3915 honesto
1003 3864 1035 3913 et
1046 3854 1138 3936 gravi
1151 3850 1231 3928 viro,

279 3951 309 4015 in
325 3953 397 4040 ejus
410 3952 569 4016 consortio
583 3952 722 4037 aliquem
745 3953 989 4037 incompositum
1007 3953 1149 4016 inveniri.
1188 3957 1232 4018 Et

278 4055 412 4139 quidem
429 4054 488 4118 hoc
505 4054 599 4118 laude
615 4055 726 4139 majori
746 4055 879 4139 dignum
896 4067 954 4130 est,
973 4055 1122 4139 quamsi,
1141 4067 1176 4116 ut
1191 4055 1232 4117 ab

279 4155 324 4219 eis
350 4156 547 4235 laudaretur,
572 4155 765 4220 admitteret.
805 4156 897 4220 Licet
922 4170 1028 4220 autem
1056 4153 1165 4237 aliquo
1191 4154 1231 4217 sit

280 4259 430 4346 voluptas
455 4259 618 4323 oculorum
643 4260 674 4321 in
701 4258 829 4333 talibus,
857 4259 910 4322 vix
939 4256 1005 4322 siue
1033 4253 1233 4340 turpitudine

279 4363 419 4427 exerceri
435 4361 564 4448 poterit,
580 4361 626 4424 rel
644 4359 781 4425 admitti.
820 4363 880 4424 Est
901 4376 931 4423 et
955 4358 1009 4421 illa
1034 4356 1180 4441 voluptas
1201 4358 1232 4421 in
