3550 5467
295 755 367 799 cac.
385 737 455 816 xv.]
657 756 912 803 marcnarrcus.
1189 751 1250 810 301

292 904 426 990 podium
451 907 681 993 spectantibus:
700 918 744 971 et
766 909 859 995 quasi
881 932 900 972 a
922 910 1107 996 purioribus
1128 926 1158 976 et
1180 912 1248 978 feli-

292 1009 435 1074 cioribus
450 1009 519 1073 ovis
538 1008 686 1073 exclusus
707 1011 860 1096 eruperit,
875 1017 1033 1098 germanis
1053 1026 1085 1078 et
1105 1015 1248 1096 uterinis,

295 1121 332 1173 ut
361 1112 391 1174 ei
421 1121 626 1187 attestantur,
651 1107 744 1192 longe
769 1108 906 1173 nobilior
930 1123 987 1175 est.
1049 1111 1245 1178 Crediderim

291 1209 386 1277 facile
406 1209 562 1297 quicquid
587 1210 756 1286 sincerum,
777 1223 809 1274 et
833 1209 1042 1278 defaecatioris
1065 1225 1189 1278 naturae
1214 1215 1247 1280 in

291 1334 396 1376 massa
410 1315 533 1398 generis
546 1314 616 1398 ejus
630 1312 671 1376 ab
686 1312 778 1376 initio
793 1313 913 1390 extitit,
925 1316 956 1378 in
972 1313 1089 1400 ipsum,
1103 1328 1140 1380 ut
1155 1316 1245 1402 quasi

288 1413 398 1496 gentis
418 1436 485 1478 sure
507 1412 598 1477 stella
617 1413 819 1499 praefulgeat,
842 1412 1043 1494 confluxisse,
1062 1415 1150 1500 quod
1170 1439 1245 1482 vero

289 1513 494 1580 faeculentius
519 1528 551 1579 et
576 1514 753 1589 obscurius,
783 1515 935 1579 resedisse
963 1515 997 1580 in
1025 1517 1183 1601 germanis
1212 1534 1244 1584 et

288 1616 435 1681 uterinis.
479 1621 648 1684 Laetantur
677 1630 782 1682 tamen
809 1617 891 1682 sicut
918 1621 950 1682 in
976 1618 1120 1683 claritate
1148 1618 1244 1700 illins,

287 1722 333 1783 sic
357 1719 388 1783 in
412 1721 542 1806 propria
555 1720 743 1805 abjectione,
756 1742 796 1783 ne
811 1720 977 1786 nobilitate
996 1721 1129 1804 generis,
1143 1743 1243 1808 quum

288 1844 339 1885 res
362 1823 514 1908 exegerit,
529 1846 568 1887 ex
589 1844 683 1886 causa
702 1822 899 1907 cognationis
920 1821 1149 1908 prohibeantur
1169 1846 1241 1888 cum

286 1924 432 1989 finimitis
461 1923 662 1989 matrimonio
691 1925 847 2011 copulari.
894 1928 1066 1992 Cesserunt
1092 1950 1168 2011 ergo
1195 1930 1242 1993 Si·

286 2026 426 2090 monidoe
452 2050 551 2113 reges,
575 2043 606 2091 et
634 2026 796 2110 praesides,
820 2028 990 2114 principes,
1013 2028 1146 2104 tribuni,
1169 2051 1242 2093 ceu·

287 2127 440 2204 turinnes,
470 2141 503 2193 et
531 2126 626 2215 primi
657 2129 889 2213 provinciarum
929 2151 987 2194 sua
1023 2128 1240 2196 mediocritate

286 2227 439 2309 contenti,
450 2230 599 2294 nituntur
614 2228 733 2293 virtute
748 2252 815 2306 sua,
828 2228 906 2293 nihil
918 2230 950 2293 in
966 2228 1076 2296 officiis
1090 2231 1240 2317 legitimis

285 2329 348 2393 vile
372 2329 507 2409 ducunt,
533 2342 590 2394 ant
620 2328 880 2412 ignominiosum
919 2343 951 2395 et
981 2330 1107 2408 culinae,
1134 2331 1160 2395 si
1190 2354 1239 2395 res

284 2433 439 2516 exegerit,
469 2454 532 2497 uon
561 2431 776 2517 dedignantur
808 2431 925 2496 babere
960 2433 1153 2514 memoriam,
1182 2447 1239 2499 aut

281 2533 429 2622 peritiam
445 2556 599 2598 exercere.
640 2532 797 2598 Recolunt
818 2534 895 2619 quia
909 2534 1056 2599 animalia
1070 2547 1160 2599 muta
1174 2557 1236 2598 non

282 2660 436 2723 generosa
450 2650 544 2724 putat
561 2635 646 2722 quis,
662 2636 723 2699 nisi
738 2633 846 2712 fortia,

669 2800 774 2811 —
786 2786 879 2840 nempe
888 2768 1018 2821 volucrem

388 2861 432 2912 Sic
442 2860 579 2913 laudamus
589 2875 693 2927 equum,
704 2856 774 2909 facili
785 2857 826 2908 cui
838 2854 948 2926 plurima
959 2853 1046 2926 palma

388 2945 492 3010 Ferret,
504 2951 532 2998 et
544 2944 645 2997 exultat
656 2960 733 2995 rauco
745 2943 852 2994 victoria
865 2939 950 2992 Circo.

387 3030 491 3084 Nobilis
502 3031 545 3082 bic
556 3047 708 3099 quocunque
720 3028 792 3080 venit
803 3026 836 3078 de
848 3025 975 3093 gramine,
988 3024 1060 3094 cujus

385 3116 465 3172 Clara
476 3117 540 3184 suga
551 3122 613 3168 ante
625 3115 698 3177 alios,
711 3120 738 3166 et
750 3114 847 3184 primus
859 3114 887 3163 iu
899 3127 1001 3180 aequore
1014 3107 1106 3180 pulvis.

385 3204 437 3256 Sed
449 3201 540 3255 venale
550 3218 628 3272 pecus
641 3199 765 3268 Corythae
777 3198 923 3268 posteritas,
936 3202 963 3248 et

388 3289 502 3361 Hirpini,
514 3289 536 3340 si
547 3305 606 3339 rara
613 3288 679 3358 jugo
691 3285 797 3338 victoria
809 3284 886 3343 sedit,

418 3399 517 3412 —-
532 3370 659 3423 Dominos
672 3370 761 3440 pretiis
772 3374 871 3419 mutare
879 3367 1004 3437 jubentur

385 3457 506 3525 Exiguis,
517 3457 629 3524 tritoque
641 3453 747 3506 trahunt
757 3451 891 3524 epirhedia
902 3448 976 3503 collo.

280 3579 446 3667 Siquidem

383 3711 517 3765 Nobilitas
529 3711 584 3764 sola
594 3717 643 3774 est,
656 3717 734 3780 atque
746 3709 821 3762 unica
832 3708 924 3760 virtus.

276 3840 367 3922 Ergo
393 3834 596 3920 generositas,
621 3845 652 3896 et
677 3830 752 3894 clari
779 3831 940 3914 sanguinis
964 3827 1082 3902 lumen,
1109 3827 1168 3891 etsi
1192 3849 1229 3890 ea

268 3960 425 4025 magnum
448 3936 526 4024 quid
546 3958 612 3999 esse
632 3957 688 4020 per
711 3957 743 3997 se
765 3930 942 3996 Simonides
962 3929 1127 4013 glorietur,
1148 3926 1228 3990 nihil

273 4041 362 4107 aliud
386 4054 462 4105 sunt
480 4061 577 4124 quam
598 4058 720 4100 morum
741 4031 968 4098 manifestatio:
996 4029 1132 4114 gloriosa
1157 4026 1229 4111 qui-

273 4145 359 4221 dem,
372 4144 398 4208 si
414 4141 487 4208 boni
504 4141 635 4218 fuerint,
647 4136 857 4224 ignominiosa
872 4134 897 4197 si
913 4133 996 4196 mali.
1034 4131 1105 4192 Hoc
1121 4141 1226 4192 tamen

273 4268 374 4309 unum
390 4267 461 4308 meo
471 4241 607 4329 judicio,
622 4235 777 4326 quicquid
787 4234 841 4297 ille
857 4232 983 4308 sentiat,
994 4230 1113 4293 bonum
1129 4226 1226 4292 habet

271 4349 476 4431 generositas,
494 4341 581 4427 quod
597 4338 812 4405 necessitatem
829 4333 942 4396 indicit
963 4327 1138 4414 probitatis.
1179 4329 1225 4392 At
