3550 5467
520 698 561 754 60
778 709 917 753 roassrs
933 706 1215 752 saansanarausrs
1335 690 1420 770 [nra.
1438 709 1480 753 ιι.

521 884 599 927 usus
621 862 774 944 exegerit,
796 860 874 945 quid
900 861 1039 924 maxime
1062 860 1229 942 expediat,
1246 860 1329 924 sciat
1351 862 1480 943 eligere.

524 962 560 1027 Si
576 986 649 1029 vero
664 985 715 1027 res
729 964 823 1027 fuerit
846 963 940 1040 seria,
954 964 1052 1027 lateat
1073 962 1219 1042 militem,
1233 982 1273 1025 eo
1294 962 1382 1047 quod
1399 963 1481 1025 mili-

520 1076 587 1128 tare
609 1078 807 1148 praeceptum
830 1076 893 1127 est:
919 1063 996 1149 quid
1021 1063 1090 1126 fieri
1112 1063 1230 1127 debeat
1250 1073 1384 1128 tractato
1407 1085 1482 1127 cum

521 1168 640 1246 moltis,
666 1165 746 1252 quid
772 1189 847 1230 rero
873 1167 1016 1231 facturus
1041 1166 1098 1242 sis,
1120 1186 1192 1229 cum
1218 1166 1424 1249 paucissimis
1448 1178 1481 1229 et

522 1268 729 1346 fidelissimis,
764 1270 812 1332 vel
850 1268 960 1352 potius
997 1268 1066 1350 ipse
1104 1278 1222 1330 tecum.
1267 1268 1354 1331 Raro
1390 1267 1477 1331 enim

522 1384 631 1435 manet
652 1371 888 1447 absconditum,
910 1370 997 1455 quod
1023 1369 1064 1433 ad
1086 1370 1233 1434 notitiam
1261 1370 1478 1434 multitudinis

524 1473 623 1536 venit
668 1472 823 1536 Militaria
842 1493 972 1557 quoque
996 1483 1159 1556 praecepta
1180 1486 1212 1536 et
1234 1474 1385 1556 exempla
1406 1484 1483 1536 stre·

524 1596 670 1652 nuorum,
691 1574 876 1658 junioribus
906 1595 993 1657 saepe
1019 1574 1186 1638 reserenda
1209 1586 1294 1652 sunt,
1313 1586 1349 1638 ut
1370 1574 1420 1638 his
1441 1573 1482 1637 ad

524 1676 692 1740 scientiam
707 1676 925 1753 instituantur,
939 1675 1003 1738 illis
1023 1675 1241 1739 accendantur
1256 1689 1289 1740 et
1303 1676 1483 1739 animentur

526 1778 567 1842 ad
585 1779 743 1841 virtutem.
790 1779 860 1841 Nec
883 1788 990 1840 tamen
1017 1778 1216 1860 propositum
1237 1799 1342 1841 meum
1362 1788 1424 1853 est,
1437 1777 1483 1841 rei

526 1877 673 1941 militaris
702 1877 756 1941 hic
787 1875 908 1939 tradere
938 1887 1046 1954 artem,
1074 1898 1147 1958 quae
1177 1877 1311 1959 quidem
1342 1878 1484 1940 maxima

524 1989 583 2055 est,
597 1989 630 2039 et
644 1975 893 2060 pernecessaria,
908 1989 940 2038 et
959 1977 1027 2038 sine
1049 1997 1113 2059 qua
1134 1977 1181 2052 (ut
1196 1979 1300 2040 verbis
1317 1978 1479 2041 Plutarchi

526 2080 610 2156 utar]
627 2098 758 2141 mancus
770 2077 906 2161 quilibet
917 2077 1104 2157 intelligitur
1119 2078 1331 2161 principatus.
1377 2080 1483 2153 Quam

526 2180 554 2244 si
574 2179 646 2262 quis
664 2177 806 2241 ediscere
827 2176 972 2253 voluerit,
986 2176 1081 2240 adeat
1105 2176 1262 2242 Catonem
1279 2178 1485 2256 Censorium,

525 2280 611 2362 legat
622 2290 655 2342 et
668 2278 722 2341 illa
734 2300 807 2360 quae
819 2277 947 2342 Comel.
964 2277 1092 2354 Celsus,
1109 2300 1180 2362 quae
1195 2280 1303 2344 Julius
1317 2280 1483 2363 Hyginus,

527 2402 599 2465 quae
615 2380 770 2460 Vegetius
785 2379 943 2453 Renatus‚
959 2379 1063 2463 cujus,
1078 2401 1117 2444 eo
1133 2381 1222 2464 quod
1245 2382 1485 2463 elegantissime

525 2494 559 2548 ot
573 2482 818 2565 diligentissime
834 2483 880 2546 rei
901 2482 1045 2546 militaris
1060 2495 1159 2548 artem
1180 2483 1322 2563 tradidit,
1336 2485 1412 2548 licet
1426 2507 1483 2549 ex·

528 2586 634 2669 empla
645 2583 884 2667 praestrinxerit,
896 2584 989 2667 plura
1003 2583 1139 2648 inserui:
1163 2585 1250 2668 legat
1266 2587 1395 2669 inquam
1413 2607 1485 2669 quae

527 2687 582 2751 isti
598 2687 735 2770 posteris
753 2684 991 2769 praescribenda
1010 2685 1182 2751 duxerunt.
1228 2689 1303 2753 Hoc
1329 2689 1484 2751 tamenin

528 2789 671 2853 omnium
686 2788 798 2852 artium
816 2786 950 2852 utilitate
966 2800 1115 2866 versatur,
1131 2805 1165 2852 ut
1185 2810 1387 2873 nequaquam
1403 2811 1484 2872 prae·

528 2891 632 2975 ceptis
655 2892 841 2957 exercitium
868 2890 963 2954 desit.
1009 2892 1104 2964 Nam,
1128 2892 1211 2954 sicut
1234 2892 1279 2954 ait
1301 2891 1428 2964 Cicero,
1452 2893 1484 2954 in

527 3013 788 3078 unamquamque
817 3014 882 3057 rem
913 2991 988 3054 dare
1018 3004 1179 3075 praecepta
1208 2992 1392 3056 facillimum
1424 3008 1485 3068 est,

526 3093 584 3157 sed
610 3114 682 3157 eam
703 3095 875 3159 efficaciter
897 3093 1016 3177 exequi
1041 3094 1339 3157 laboriosissimum.
1385 3094 1480 3167 Quod

528 3217 603 3260 vero
617 3197 652 3260 in
667 3197 837 3281 praeceptis
852 3195 1044 3278 eloquentiae
1059 3194 1100 3258 ad
1115 3195 1315 3259 Herennium
1332 3195 1487 3274 scribens,

530 3297 572 3361 de
593 3312 660 3361 arte
681 3296 809 3360 dicendi
833 3296 979 3371 asseruit,
994 3317 1062 3357 cam
1085 3297 1211 3358 scilicet
1232 3298 1431 3360 inefficacem
1454 3310 1487 3361 et

529 3399 674 3462 inutilem
701 3419 771 3459 esse
798 3399 866 3459 sine
895 3416 954 3458 usu
977 3407 1010 3457 et
1032 3396 1264 3459 exercitatione
1287 3396 1430 3474 dicendi,
1446 3398 1485 3463 ad

529 3520 641 3562 omnes
670 3511 753 3560 artes
780 3498 916 3559 arbitror
940 3495 1209 3575 transferendum,
1234 3510 1391 3579 quatenus
1421 3522 1487 3564 non

530 3600 697 3663 firmantur
719 3621 788 3676 risu,
804 3619 863 3660 uec
883 3598 1039 3661 exercitio
1058 3599 1255 3662 roborantur.
1301 3600 1392 3664 Adeo
1416 3602 1486 3686 qoi-

533 3703 607 3765 dem
631 3714 666 3765 ut
688 3701 714 3764 si
736 3714 835 3765 artem
858 3721 1016 3784 usumque
1039 3699 1203 3778 dissocies,
1225 3702 1330 3765 utilior
1350 3703 1391 3766 sit
1411 3726 1487 3768 usus

532 3826 648 3887 expers
673 3805 758 3882 artis,
785 3825 879 3887 quam
906 3825 957 3866 ars
982 3825 1054 3886 (pum
1082 3803 1131 3865 sui
1159 3824 1252 3867 usum
1282 3826 1348 3867 non
1378 3805 1485 3869 babet.

531 3907 616 3969 Nam
632 3917 665 3969 et
679 3907 786 3969 David
801 3906 834 3968 in
850 3905 950 3968 sunda
964 3919 997 3969 et
1011 3904 1129 3989 lapide,
1140 3926 1275 3988 quornm
1291 3907 1438 3990 peritiam
1454 3916 1487 3971 et

531 4031 624 4075 usum
647 4009 798 4085 habebat,
813 4008 1022 4092 Allophylum
1045 4009 1165 4083 stravit,
1182 4022 1214 4070 et
1234 4009 1269 4070 in
1291 4010 1405 4072 baculo
1428 4031 1486 4073 suo

532 4110 663 4193 aggredi
685 4132 783 4174 ausus
805 4124 854 4172 est
878 4112 980 4173 virum
1007 4110 1133 4174 cunctis
1154 4112 1340 4187 terribilem,
1363 4129 1395 4174 et
1420 4111 1485 4173 bel-

532 4216 663 4280 latorem
695 4216 736 4276 ab
759 4212 977 4276 adolescentia
1009 4234 1076 4276 sua.
1136 4211 1326 4296 Rejecitque
1355 4212 1486 4276 loricam

533 4320 651 4399 regiam
673 4330 704 4380 et
724 4337 820 4388 arura,
837 4316 955 4397 quibus
976 4317 1171 4378 exercitatus
1192 4314 1487 4385 eonfoederatus
