3550 5467
283 733 351 779 cun
368 715 466 797 nu]
651 735 904 783 marcunrrcns.
1181 726 1241 786 19⁰

280 886 395 970 inquit,
422 908 494 951 esse
520 888 664 952 flamines
688 885 800 963 diales,
830 889 928 953 modo
954 892 1104 955 consules
1133 891 1234 956 diales

278 986 445 1052 habemus.
489 987 535 1051 Et
549 988 581 1051 iu
596 989 748 1053 eundem:
782 988 1052 1070 Vigilantiseimus
1063 999 1111 1054 est
1121 993 1233 1057 consul

278 1100 386 1153 noster
412 1089 543 1163 Carnus,
569 1090 622 1173 qui
648 1091 681 1152 in
709 1091 878 1153 consulatu
904 1112 962 1154 suo
990 1110 1138 1155 somnum
1164 1114 1230 1157 non

277 1190 367 1253 vidit.
413 1186 594 1274 Eidemque
609 1184 815 1275 exprobranti
826 1190 891 1254 sibi
906 1193 994 1276 quod
1008 1193 1048 1256 ud
1064 1213 1137 1257 eum
1154 1215 1230 1259 con-

278 1292 380 1355 sulem
403 1313 468 1356 non
485 1291 641 1368 venisset3
672 1292 860 1367 Veniebam,
876 1291 991 1376 inquit,
1012 1291 1067 1357 sed
1090 1315 1157 1358 nox
1179 1317 1230 1360 me

277 1393 528 1478 comprehendit
573 1395 617 1457 At
639 1393 679 1455 de
702 1413 762 1455 usu
782 1391 936 1469 loedoriae,
961 1395 1009 1457 vel
1036 1397 1229 1476 scommatis,

275 1505 307 1559 et
326 1495 491 1573 civilitate,
505 1493 629 1563 dicetur
647 1494 681 1556 in
704 1494 924 1577 sequentibus,
940 1516 1028 1558 nuno
1049 1493 1227 1561 ostendisse

276 1597 424 1670 sufficiat,
446 1597 521 1680 quia
540 1617 672 1678 arguere
691 1595 817 1659 licitum
840 1607 900 1675 est,
923 1595 1010 1681 quod
1033 1619 1158 1681 aequum
1181 1607 1231 1661 est

275 1716 346 1762 esse
358 1710 546 1761 correctum.
585 1698 693 1762 Unum
706 1707 829 1760 tantum
842 1694 882 1758 de
895 1696 1123 1760 scommatibus
1135 1699 1229 1762 Alex-

275 1796 379 1876 andri,
395 1797 488 1882 quasi
510 1799 545 1861 in
567 1799 657 1861 calce
679 1797 782 1859 libelli
805 1792 911 1879 hujus,
935 1797 1151 1882 superioribus
1173 1821 1229 1863 an-

273 1911 413 1963 nectam.
446 1899 553 1972 Quum
568 1900 654 1962 enim
667 1899 742 1962 Rex
753 1899 871 1962 Darius
882 1919 947 1962 uno
961 1911 994 1963 et
1008 1900 1106 1963 altero
1118 1900 1230 1984 praelio

273 2000 421 2064 virtutem
444 2000 514 2083 ejus
535 2011 701 2085 expertus,
723 2011 845 2084 partem
870 2001 969 2084 regni,
992 2002 1099 2065 Tauro
1121 2014 1228 2067 monte

274 2113 379 2180 tenus,
388 2113 422 2169 et
439 2101 537 2175 tiliam
552 2104 585 2170 in
601 2102 847 2177 matrimonium,
860 2123 960 2186 quum
976 2102 1084 2167 decies
1098 2113 1228 2169 centum

272 2205 417 2269 millibus
436 2207 590 2270 talentum
611 2206 825 2290 polliceretur,
845 2206 939 2291 eique
958 2207 1162 2288 Parmenion,
1181 2210 1228 2273 vir

273 2328 409 2389 mugnus
431 2310 513 2372 iuter
525 2307 772 2388 Alexandrinos,
787 2308 923 2373 dixisset
943 2331 988 2388 se,
1003 2310 1031 2374 si
1046 2310 1229 2376 Alexander

270 2421 365 2489 esset,
378 2431 510 2475 usurum
530 2411 592 2474 bec
614 2410 809 2490 conditione,
824 2410 1008 2495 respondit:
1053 2413 1099 2475 Et
1120 2413 1225 2499 egoni

270 2511 464 2576 Parmenion
480 2534 595 2590 essem,
611 2513 722 2576 eadem
738 2524 855 2577 uterer:
879 2513 976 2576 tacite
995 2513 1125 2598 quidem
1149 2535 1227 2577 cou-

271 2611 379 2677 siliarii
396 2613 598 2678 timiditatem
619 2635 767 2695 arguens,
782 2636 863 2677 voce
879 2614 1004 2678 duabus
1024 2615 1163 2679 victoriis
1178 2637 1226 2679 re·

270 2714 461 2800 spondente,
486 2715 648 2800 digneque
674 2717 726 2780 eui
752 2717 853 2793 tertia,
876 2717 960 2780 siout
987 2717 1104 2790 evenit,
1127 2718 1225 2781 tribu·

267 2828 381 2881 eretur.
419 2817 572 2880 Liberum
588 2839 662 2899 ergo
673 2817 742 2896 suit,
754 2826 788 2880 et
802 2838 927 2900 semper
938 2816 1062 2880 licitum
1075 2816 1225 2899 libertati,

268 2916 433 3000 parcendo
454 2917 610 3001 personis,
628 2916 734 2981 dicere
754 2916 795 2980 de
817 2917 916 2995 vitiis3
946 2915 1097 3000 quoniam
1117 2926 1150 2980 et
1165 2916 1223 3002 jus

263 3028 328 3094 est,
348 3040 415 3103 quo
435 3016 514 3081 licet
531 3040 621 3082 veras
641 3039 829 3100 expromere
846 3038 953 3091 voces,
968 3026 1002 3082 et
1021 3017 1107 3103 quod
1127 3020 1222 3083 etiam

269 3118 367 3184 servis
389 3118 541 3183 adversus
564 3118 723 3197 dominos,
745 3119 822 3182 dum
845 3139 919 3182 vera
944 3119 1130 3201 loquuntur,
1154 3119 1222 3185 De-

266 3222 430 3285 cembrem
456 3221 603 3303 indulget
624 3222 813 3285 libertatem.
856 3219 951 3283 Tunc
975 3240 1050 3300 ergo
1076 3238 1139 3282 nun
1163 3221 1221 3284 im·

266 3332 391 3406 petrata
404 3322 508 3400 senia,
519 3345 589 3407 quae
604 3325 676 3407 ipso
685 3322 759 3407 jure
774 3321 938 3405 competit,
950 3321 1077 3404 linguas
1090 3333 1220 3401 acuunt,

265 3434 299 3487 et
317 3423 474 3507 quicquid
497 3445 552 3488 eos
575 3434 642 3488 toto
663 3445 750 3488 anno
772 3422 844 3501 urit,
862 3422 995 3506 impune
1018 3421 1220 3505 redarguunt,

266 3520 373 3610 palam
396 3524 595 3607 detegentes,
618 3537 651 3589 et
672 3526 816 3603 crimina,
839 3525 916 3589 dum
947 3537 1052 3589 temen
1082 3525 1220 3609 expletis

266 3628 500 3706 Saturnalibus,
526 3628 604 3692 citra
629 3630 754 3693 venium
783 3649 986 3713 nequaquam
1014 3626 1056 3691 ad
1086 3649 1219 3692 accusa·

263 3731 384 3795 tionem
415 3730 616 3795 dominorum
645 3743 888 3814 patronorumve
915 3731 1090 3816 prosiliant
1137 3731 1219 3795 Utor

263 3852 341 3912 ergo
354 3831 501 3895 libertate
516 3832 717 3910 Decembris,
731 3841 764 3895 et
777 3832 878 3917 jussis
899 3832 962 3896 tuis
981 3833 1217 3917 obtemperans,

263 3933 353 4018 quod
368 3955 419 3997 me
435 3945 467 3998 et
481 3943 511 3997 te
527 3934 600 4013 urit,
615 3933 776 3998 beneficio
792 3933 876 4019 juris
898 3935 1059 3999 communi
1082 3930 1218 3997 fidenter

261 4055 370 4117 urguo,
394 4056 459 4098 nou
481 4056 613 4099 necesse
635 4047 733 4113 ratus,
753 4036 878 4099 veniam
900 4035 1079 4120 impetrare,
1099 4035 1133 4096 in
1155 4033 1216 4110 his,

263 4157 334 4221 quae
356 4136 498 4220 publicae
523 4136 663 4202 serviunt
689 4134 828 4211 utilitati,
851 4143 883 4198 et
910 4143 973 4199 ture
999 4142 1073 4198 sunt
1098 4130 1217 4216 placita

262 4236 426 4303 uoluntati.
