3550 5467
431 761 473 820 92
692 774 829 819 ioannis
844 771 1122 820 sasasnnmsusrs
1224 754 1307 834 [niu.
1322 775 1376 820 vn.

431 927 625 1011 parentibus,
652 927 830 1010 frequenter
859 925 980 989 habuit
1027 926 1176 988 Docebat
1206 947 1292 990 nunc
1323 927 1379 990 has

429 1026 616 1110 pudicitiam
631 1036 664 1087 et
678 1024 834 1107 obsequia
848 1026 881 1087 in
897 1026 992 1100 viros,
1003 1044 1090 1086 nunc
1106 1024 1178 1088 illos
1192 1025 1378 1088 modestiam

430 1137 464 1191 et
484 1129 645 1192 literarum
667 1126 820 1191 studium.
865 1128 954 1189 luter
976 1128 1058 1203 haec,
1081 1128 1167 1189 velut
1193 1127 1376 1209 genitricem

429 1231 589 1307 virtutium,
614 1228 825 1310 frugalitatem
849 1228 1000 1291 omnibus
1026 1227 1204 1310 ingerebat.
1258 1228 1378 1291 Conse·

430 1341 587 1414 cutusqne
602 1328 854 1413 disputationum
871 1327 1058 1391 assiduitate
1079 1339 1156 1403 erat,
1173 1340 1208 1391 ut
1228 1338 1377 1390 matronae

430 1437 554 1491 auratas
574 1437 689 1503 vestas,
707 1437 884 1508 caeteraque
907 1423 1072 1505 dignitatis
1094 1445 1160 1487 suae
1184 1437 1378 1498 ornamenta,

432 1529 523 1613 quasi
542 1528 679 1591 luxuriae
699 1527 917 1602 instrumenta,
932 1525 1141 1608 deponerent,
1155 1547 1257 1609 eaque
1274 1526 1379 1588 omnia

432 1632 538 1695 delata
555 1630 590 1693 in
609 1628 746 1694 Junonis
766 1627 880 1705 oedem,
895 1626 957 1711 ipsi
974 1627 1043 1690 deae
1066 1639 1302 1703 consecrarent,
1316 1648 1379 1709 prae

431 1754 466 1796 se
488 1733 727 1808 serenasset
745 1743 930 1793 ornamenta
949 1740 1175 1806 matronarum,
1190 1728 1379 1813 pudicitiam

432 1856 497 1897 non
513 1846 615 1897 vestes
629 1853 711 1896 esse·
755 1833 795 1895 Iu
806 1832 977 1915 juventute
993 1852 1120 1915 quoque
1136 1840 1292 1914 quantum
1309 1852 1380 1914 pro·

377 1929 383 1941 ’
432 1937 574 2018 fligatum
593 1934 646 2008 sit,
661 1934 738 1997 victi
758 1934 954 1996 faeminarum
972 1945 1179 1996 contumaces
1198 1933 1297 1995 animi
1319 1954 1381 1995 ma·

431 2037 592 2099 nisestont.
637 2035 703 2099 Sed
717 2035 853 2099 trecenti
869 2057 912 2098 ex
925 2035 1110 2119 juvenibus,
1127 2056 1225 2119 quum
1242 2033 1380 2098 sodalitii

426 2138 509 2220 juris
530 2151 727 2200 sacramento
750 2148 927 2219 separatam
951 2159 971 2200 a
992 2137 1116 2200 caeteris
1138 2136 1264 2200 civibus
1285 2136 1379 2198 vitam

430 2248 571 2322 agerent,
588 2239 680 2322 quasi
702 2251 822 2302 coetum
844 2237 1051 2304 clandestinae
1074 2239 1303 2323 conjurationis
1324 2239 1379 2301 ha·

430 2342 544 2404 bentes
564 2340 714 2404 adversus
729 2341 957 2424 Pythagoram,
972 2342 1132 2405 civitatem
1147 2340 1180 2403 in
1197 2362 1232 2404 se
1247 2361 1379 2404 conver-

429 2453 547 2516 terunt,
559 2464 630 2526 quae
646 2463 713 2520 eos,
724 2461 823 2526 quum
838 2442 872 2504 in
889 2464 985 2505 unam
998 2443 1128 2507 domum
1143 2443 1379 2518 convenissent,

430 2565 570 2608 cremare
600 2545 710 2622 voluit,
738 2545 772 2607 in
801 2566 867 2628 quo
900 2547 1037 2609 tumultu
1074 2545 1244 2626 sexaginta
1280 2544 1377 2607 ferme

430 2646 561 2729 periere,
586 2647 691 2710 caeteri
720 2648 754 2708 in
784 2648 917 2710 exilium
949 2647 1086 2729 profecti
1110 2658 1192 2708 sunt.
1237 2647 1290 2709 Ab
1316 2645 1377 2709 hoc

429 2749 537 2833 itaque
569 2749 836 2833 philosophorum
874 2770 975 2830 genus
1006 2747 1166 2825 Italicum,
1196 2769 1377 2834 nomenque

429 2851 642 2935 philosophiae
664 2863 810 2915 exortum
832 2866 891 2915 est.
935 2853 1058 2914 Tantus
1080 2862 1185 2914 aulem
1211 2851 1321 2914 extitit
1345 2851 1376 2912 in

428 2953 485 3016 illa
520 2967 608 3038 parte
645 2954 870 3038 philosophiae,
901 2977 974 3039 quae
1008 2953 1206 3036 speculativa
1235 2963 1377 3030 vocatur,

429 3068 465 3120 ut
486 3056 517 3118 ei
539 3056 706 3140 quisquam
734 3057 1027 3141 philosophantium
1050 3055 1105 3117 vix
1130 3055 1269 3137 potuerit
1294 3054 1377 3118 adae·

429 3158 528 3244 quari.
573 3159 698 3223 Tantus
726 3161 759 3223 in
789 3161 987 3236 innocentia,
1013 3170 1048 3222 ut
1073 3160 1114 3221 ab
1141 3158 1283 3220 omnium
1310 3158 1377 3221 ani·

429 3262 580 3325 mantiam
611 3273 804 3343 temperasse
834 3262 982 3325 credatur
1011 3258 1126 3323 edulio.
1183 3259 1307 3323 Tantus
1344 3261 1376 3322 in

428 3365 516 3426 cultu
536 3362 681 3445 justitia,
705 3373 740 3424 ut
765 3365 903 3446 populos
929 3363 1015 3427 illius
1040 3362 1140 3445 partis
1167 3359 1281 3439 Italiae,
1304 3384 1376 3446 quae

427 3463 603 3546 antiquitus
639 3462 761 3542 Magna
795 3463 923 3527 Graecia
960 3463 1045 3526 dicta
1081 3473 1140 3540 est,
1170 3462 1267 3525 etiam
1305 3473 1379 3547 post

428 3576 561 3627 mortem
580 3562 721 3625 nominis
736 3563 806 3646 ejus
821 3567 993 3629 auctoritas
1008 3565 1133 3628 rexerit.
1178 3564 1287 3635 Quum
1303 3587 1378 3628 rero

426 3675 520 3729 antea
540 3664 700 3747 sapientes
721 3663 912 3744 dicerentur,
927 3665 981 3750 qui
997 3665 1185 3728 videbantur
1205 3665 1277 3728 aliis
1299 3687 1378 3747 prae·

426 3767 593 3830 stantiores
627 3786 710 3845 esse,
738 3767 948 3849 interrogatus
977 3765 1058 3849 quid
1096 3787 1129 3828 se
1166 3765 1378 3848 profiteretur,

426 3868 659 3952 Philosophum
684 3889 718 3931 se
744 3890 814 3932 esse
841 3868 1020 3951 respondit,
1044 3867 1078 3929 id
1105 3880 1163 3943 est,
1187 3867 1378 3945 studiosum,

426 3971 476 4033 vel
492 3970 658 4054 sapientire
674 3983 856 4048 amatorem,
874 3970 1024 4053 quoniam
1036 3968 1214 4051 sapientem
1225 3967 1379 4050 profiteri,

424 4071 715 4152 arrogantissimum
726 4071 902 4134 videbatur.
927 4070 1076 4152 Denique
1088 4090 1185 4152 quum
1195 4067 1237 4131 ad
1247 4071 1377 4152 propul-

424 4174 556 4237 sandam
572 4174 678 4238 lahem
693 4194 827 4248 morum,
840 4171 951 4253 viginti
967 4192 1069 4235 annos
1084 4171 1202 4252 egisset
1216 4170 1378 4248 Crotonae,

424 4277 648 4359 Metapontum
664 4275 820 4356 migravit,
836 4273 947 4355 ibique
969 4272 1116 4337 decessit.
1162 4271 1266 4353 Cujus
1289 4285 1378 4337 tauta

422 4376 588 4442 admiratio
614 4379 682 4458 suit,
704 4389 740 4441 ut
761 4398 804 4440 ex
835 4376 931 4440 domo
954 4377 1022 4461 ejus
1045 4375 1199 4458 templum
1224 4376 1378 4454 facerent,
