3550 5467
538 671 580 728 2⁴
796 682 933 729 ruinius
950 680 1233 727 saansaanressrs
1346 663 1431 744 [tra.
1448 682 1490 728 vn

538 848 598 908 est,
624 844 766 899 autnon
792 837 909 912 minus,
935 833 1021 920 quod
1047 835 1163 898 milites
1187 834 1321 912 faciunt,
1345 835 1403 918 qni
1425 855 1488 898 non

535 937 733 1012 schedulam,
750 937 807 1001 sed
827 938 967 1019 gladium
988 939 1135 1015 offerunt,
1158 948 1191 999 et
1216 936 1309 1020 quasi
1333 936 1489 1019 primitias

537 1039 636 1101 officii
651 1037 809 1101 redimunt
823 1040 864 1102 ab
876 1039 978 1113 altari,
987 1037 1073 1101 unde
1088 1037 1233 1101 ecclesiae
1247 1037 1282 1100 in
1297 1050 1487 1122 perpetuum

535 1140 737 1204 famulentur.
782 1141 865 1203 Nam
891 1141 974 1203 sicut
997 1141 1044 1203 eis
1066 1161 1124 1223 pro
1146 1139 1284 1203 ecclesia
1305 1141 1488 1224 plurimum,

535 1244 580 1307 ita
595 1255 707 1306 contra
721 1242 901 1315 ecclesiam,
914 1242 993 1304 licet
1007 1241 1099 1304 nihil.
1143 1241 1254 1303 Refert
1275 1242 1394 1318 Lucas,
1409 1240 1486 1326 quid

533 1344 652 1407 milites
676 1354 713 1407 ut
734 1343 973 1426 baptizarentur
997 1352 1199 1404 accesserunt
1223 1338 1265 1403 ad
1291 1339 1487 1420 Johannem,

533 1445 782 1525 interrogantes:
806 1443 963 1524 Magister
985 1441 1061 1525 quid
1085 1442 1238 1504 faciemus
1264 1452 1297 1504 et
1321 1440 1404 1504 nos?
1442 1442 1487 1505 Et

534 1545 579 1609 ait
607 1546 685 1608 illis:
724 1545 897 1608 Neminem
926 1542 1128 1621 concutiatis,
1156 1563 1261 1625 neque
1293 1543 1485 1607 calumniam

532 1647 668 1726 faciatis,
682 1659 715 1711 et
729 1647 870 1710 contenti
891 1656 992 1709 estote
1011 1645 1179 1728 stipendiis
1198 1645 1321 1707 vestris.
1367 1644 1486 1708 Fidelis

533 1771 648 1829 sermo,
662 1763 694 1813 et
709 1751 796 1813 omni
810 1750 999 1831 acceptione
1015 1748 1142 1830 dignus,
1154 1748 1208 1831 qui
1224 1747 1337 1812 deceat
1351 1770 1483 1832 praeam·

532 1852 645 1915 bulum
667 1850 786 1930 gratiae,
801 1870 980 1933 praeconem
1002 1849 1152 1923 veritatis,
1169 1848 1287 1912 domini
1310 1871 1485 1933 praecurso·

533 1974 610 2015 rem.
655 1952 798 2013 Noverat
826 1950 912 2014 enim
942 1972 1071 2013 manum
1106 1951 1274 2014 militarem
1304 1961 1484 2035 promptam

535 2053 575 2116 ad
597 2052 739 2137 injurias,
763 2052 885 2135 rapinis
906 2064 1077 2130 assuetam,
1101 2066 1134 2115 et
1161 2053 1213 2116 cui
1239 2075 1406 2138 nunquam
1431 2065 1485 2117 aut

533 2175 604 2217 raro
633 2153 796 2216 sufficiunt
825 2174 894 2229 sua,
917 2154 993 2237 quin
1023 2163 1153 2237 appetat
1182 2154 1296 2218 aliena.
1342 2154 1485 2219 Concus-

533 2256 623 2319 sione
646 2276 721 2336 ergo
746 2255 917 2337 prohibita,
940 2255 1081 2318 exclusit
1106 2256 1248 2340 iujurias,
1273 2256 1404 2339 rapinas
1429 2277 1484 2319 ex·

531 2358 720 2434 terminarit,
754 2359 888 2421 exclusa
921 2358 1088 2420 calumnia.
1148 2359 1319 2423 Avaritiam
1357 2379 1483 2443 quoque

532 2458 704 2537 damnavit,
730 2459 806 2522 dum
832 2460 987 2542 praeccpit
1011 2481 1271 2544 unumquemque
1297 2471 1482 2524 contentum

532 2582 602 2624 esse
617 2560 786 2646 stipendiis
802 2561 877 2623 suis.
922 2560 1013 2623 Sicut
1035 2562 1119 2622 enirn
1136 2560 1260 2623 dictum
1277 2572 1334 2639 est,
1348 2562 1483 2626 militem

532 2682 624 2744 egere
646 2683 711 2725 non
734 2662 821 2742 licet,
842 2661 895 2724 cui
918 2661 994 2723 dnm
1017 2662 1142 2737 militat,
1165 2661 1286 2724 militiae
1314 2683 1380 2725 suae
1405 2683 1482 2746 prae·

531 2774 653 2827 stantuv
675 2762 847 2847 stipendia,
862 2772 895 2824 et
917 2783 1015 2845 quum
1038 2763 1187 2826 emeritus
1209 2775 1268 2838 est,
1283 2763 1417 2847 praedia,
1433 2764 1481 2826 vel

531 2864 683 2927 alimenta
711 2863 817 2948 quoad
841 2864 1018 2927 necessitas
1047 2865 1161 2946 exigit,
1183 2863 1224 2928 de
1247 2866 1381 2948 publico
1412 2886 1483 2949 pro·

532 2963 692 3030 ridentur.

530 3270 611 3352 Cap.
638 3270 687 3330 ll.
729 3264 821 3330 Quod
842 3264 963 3324 milites
992 3264 1107 3326 durius
1129 3265 1314 3346 castigandi
1342 3272 1432 3340 sunt,
1452 3266 1481 3326 ri

592 3365 720 3427 militie
737 3365 803 3443 lege
818 3368 1013 3441 contempta,
1028 3364 1209 3444 privilegiis
1223 3362 1417 3426 abutuntur.

574 3501 610 3566 sr
628 3519 701 3561 vero
711 3508 824 3561 contra
834 3495 1081 3578 prohibitionem
1093 3496 1263 3574 lobannis,
1274 3506 1306 3559 et
1319 3496 1481 3577 legitimas

530 3601 721 3676 sanctiones,
734 3599 768 3660 in
783 3597 868 3660 furta
885 3596 1038 3662 dilabitur
1052 3610 1085 3661 et
1103 3599 1242 3680 rapinas,
1259 3596 1370 3661 durius
1385 3597 1478 3661 casti·

529 3701 655 3788 gandus
669 3715 728 3778 est,
736 3713 772 3763 ut
783 3700 837 3785 qni
850 3721 975 3782 semper
988 3700 1116 3773 serrum,
1128 3699 1271 3783 duraque
1282 3699 1478 3763 tractaverit:

529 3806 619 3870 etita
634 3800 816 3866 cohibenda
830 3813 879 3865 est
899 3799 1036 3864 audacia
1050 3800 1131 3885 ejus,
1146 3811 1182 3864 nt
1197 3802 1230 3863 in
1246 3802 1355 3885 seipso
1376 3800 1481 3865 discat

529 3915 651 3989 quanta
690 3901 968 3967 animadversione
1003 3901 1138 3965 feriendi
1175 3901 1250 3977 sint,
1285 3901 1339 3984 qui
1374 3901 1478 3980 legem

528 4011 727 4092 impugnant,
749 4025 845 4088 qnam
870 4014 1076 4088 susceperant
1099 4001 1343 4066 defendendam.
1389 4002 1480 4066 Sicut

527 4110 613 4176 enim
635 4109 744 4172 multis
764 4105 1020 4170 immunitatibus
1042 4115 1074 4167 et
1096 4103 1359 4167 eminentioribus
1382 4104 1477 4188 privi-

527 4214 620 4297 legiis
634 4212 747 4276 militie
758 4207 887 4292 gaudet,
899 4208 944 4271 ita
954 4209 1172 4271 acerbioribus
1187 4208 1294 4290 poenis
1309 4206 1478 4270 subdenda

528 4326 586 4395 est,
607 4316 633 4379 si
656 4337 714 4378 sua
736 4310 932 4375 demeruisse
955 4310 1120 4393 privilegia
1142 4309 1360 4373 convincatur.
1407 4309 1477 4371 Nec
