3550 5467
537 673 598 730 372
795 680 930 726 JOANNIS
947 677 1225 721 smasucatassts
1319 660 1401 739 [tta.
1418 677 1481 721 riu.

540 838 621 900 ratio
637 835 814 921 persuadet,
831 832 988 914 docetque
1005 829 1108 908 illum,
1124 830 1180 914 qui
1202 829 1279 893 dum
1298 829 1400 893 frterat
1422 852 1485 915 par·

541 938 646 1012 culus,
662 935 803 1022 sapiebat
824 947 859 996 ut
880 929 1046 1018 parvulus,
1062 931 1255 1016 loquebatur
1278 946 1315 996 ut
1331 932 1484 1018 parvulus,

538 1039 651 1123 agebat
669 1052 704 1100 ut
720 1035 884 1122 parvulus,
899 1034 980 1116 fuga
1001 1031 1266 1116 irrefragabiliter
1282 1033 1485 1119 apprehensa,

539 1161 692 1203 evacuare
709 1161 780 1223 qnae
792 1150 881 1200 erant
893 1133 1029 1222 parvuli.
1056 1133 1165 1214 Unde,
1177 1146 1214 1197 ut
1231 1134 1271 1198 ad
1286 1148 1482 1199 memoratum

539 1241 694 1305 Ethicum
711 1240 887 1313 redeamus,

646 1356 785 1409 Conversis
797 1356 898 1420 studiis,
911 1364 985 1415 aetas,
996 1355 1147 1422 animusque
1158 1353 1241 1406 virilis

647 1444 751 1504 Qoaerit
762 1460 834 1513 opes,
846 1448 873 1493 ct
885 1442 1021 1501 amicitias,
1032 1440 1138 1491 inservit
1148 1440 1249 1501 honori,

648 1527 818 1580 commisisse
829 1542 913 1590 caret,
925 1526 993 1596 quod
1004 1543 1066 1577 mox
1078 1533 1177 1577 mutare
1187 1524 1300 1577 laboret.

542 1636 633 1717 Ergo
647 1648 678 1698 et
693 1633 792 1696 virilis
807 1648 884 1697 aetas
899 1620 1044 1718 puerilia,
1058 1644 1090 1694 et
1106 1631 1263 1718 juvenilia
1278 1633 1446 1709 erubescit,
1459 1648 1485 1697 et

541 1735 568 1797 si
591 1757 610 1797 a
632 1757 780 1820 perversa
801 1734 976 1820 voluptate,
999 1748 1031 1797 et
1051 1733 1216 1797 immundo
1238 1756 1357 1816 amore,
1379 1736 1487 1822 navigii

541 1837 590 1898 sui
604 1838 724 1900 solvere
739 1860 801 1900 non
814 1850 920 1923 potest
936 1837 1115 1911 anchoram,
1127 1835 1312 1921 praescindit
1329 1852 1360 1901 et
1377 1837 1485 1902 funem.

543 1939 595 2001 Sic
610 1952 641 2003 et
658 1938 851 2002 Patriarchae
867 1937 1004 2023 pudicus
1019 1935 1244 2021 liliuspallfum
1261 1936 1392 2023 reliquit
1408 1937 1489 2001 adul-

543 2055 631 2114 terte,
662 2064 702 2103 ne
737 2040 886 2105 adulterii
917 2038 1047 2103 crimine
1081 2038 1309 2103 involveretur.
1354 2042 1487 2118 Quintus

540 2141 758 2204 maturitatem
781 2142 904 2205 civilem
922 2141 1050 2226 promit,
1065 2150 1097 2203 et
1114 2152 1243 2204 aetatem
1259 2141 1407 2229 depingit
1422 2144 1489 2208 rici·

541 2263 613 2303 nam
633 2242 800 2318 senectuti,
816 2242 882 2303 imo
902 2263 976 2326 quae
991 2243 1091 2327 ipsam
1108 2241 1175 2328 jam
1195 2241 1378 2327 ingreditur
1392 2266 1487 2307 senec·

542 2356 655 2417 tutem.
701 2343 784 2405 Nam
810 2357 842 2407 et
872 2357 1001 2429 patrum
1030 2344 1163 2409 honores
1191 2345 1316 2424 recolit,
1341 2349 1488 2433 majorum

542 2444 724 2508 memoriam
751 2459 932 2523 veneratur,
947 2459 978 2510 et
997 2446 1088 2531 quasi
1105 2446 1145 2510 ad
1169 2452 1331 2512 tumulum
1348 2450 1490 2514 Anchisae

544 2548 687 2612 solennes
698 2547 834 2613 celebret
852 2547 956 2625 ludos,
968 2547 999 2609 in
1016 2548 1067 2612 his
1079 2548 1155 2634 ipsis
1170 2550 1258 2612 exilii
1275 2553 1325 2613 sui
1340 2551 1489 2614 miseriam

543 2649 748 2736 recognoscit.
793 2652 879 2714 Dum
908 2673 983 2712 vero
1008 2650 1081 2714 hinc
1111 2651 1289 2735 egreditur,
1318 2653 1427 2718 transit
1453 2653 1489 2717 ad

543 2764 683 2826 sextum,
698 2763 729 2813 et
750 2747 872 2813 amissis
893 2748 1045 2813 Palinuro
1067 2762 1098 2814 et
1123 2750 1260 2832 Miseno,
1275 2752 1358 2817 duce
1380 2754 1491 2819 scilicet

543 2850 662 2936 navigii
672 2849 876 2929 dormitante,
886 2863 918 2913 et
931 2850 1087 2914 temerarii
1099 2849 1201 2935 praelii
1214 2852 1385 2934 incentore,
1394 2875 1488 2939 quum

538 2954 606 3040 jam
636 2953 783 3036 frigescat
813 2952 957 3031 affectus,
983 2951 1129 3037 viresque
1154 2952 1316 3031 deficiant,
1342 2980 1403 3020 non
1430 2970 1489 3021 tam

543 3068 735 3120 senectutem
763 3055 859 3118 sentit
886 3077 982 3139 quam
1009 3055 1143 3129 senium,
1165 3069 1196 3119 et
1222 3057 1311 3122 velut
1338 3062 1489 3145 quendam

542 3158 728 3222 descensum
741 3156 780 3218 ad
798 3156 926 3233 inferos,
937 3156 991 3219 ubi
1007 3155 1097 3241 quasi
1110 3157 1204 3222 rebus
1218 3159 1376 3225 inutiliter
1390 3163 1491 3247 gestis,

543 3261 642 3325 totius
654 3272 807 3323 anteactae
824 3259 899 3321 vitae
909 3270 1111 3343 recognoscat
1126 3281 1259 3336 errores,
1272 3275 1303 3326 et
1320 3264 1421 3329 discat
1437 3265 1493 3329 alia

544 3364 596 3426 via
606 3358 815 3426 incedendum
828 3383 895 3423 esse
907 3360 966 3437 his,
978 3360 1035 3446 qui
1050 3358 1162 3425 volunt
1179 3362 1220 3425 ad
1232 3363 1346 3429 dulces
1359 3366 1493 3432 Lavinio

542 3466 736 3552 complexus,
747 3478 778 3529 et
791 3463 886 3528 latale
902 3486 1034 3549 regnum
1050 3465 1165 3541 ltaliae,
1178 3468 1270 3551 quasi
1282 3468 1324 3531 ad
1336 3473 1491 3557 quandam

542 3588 646 3628 arcem
674 3565 893 3643 beatitudinis,
918 3565 1094 3649 pervenire.
1131 3568 1267 3631 Constat
1296 3570 1379 3634 enim
1411 3573 1492 3659 apud

543 3665 669 3751 eosqui
694 3681 830 3729 mentem
852 3665 1036 3751 diligentius
1054 3681 1295 3752 perscrutantur
1318 3688 1492 3750 auctorum,

544 3768 710 3831 Maronem
741 3767 878 3848 geminoe
908 3767 1061 3833 doctrinoe
1091 3769 1173 3832 vires
1202 3769 1387 3851 declarasse,
1418 3777 1492 3840 dum

542 3873 682 3934 vanitate
705 3866 849 3952 figmenti
875 3869 1004 3953 poetici,
1030 3870 1259 3957 philosophicae
1282 3874 1423 3941 veritatis
1447 3879 1492 3941 in-

543 3973 642 4038 volvit
669 3993 788 4035 arcana.
838 3969 928 4036 Licet
960 3986 1066 4037 autem
1097 3973 1138 4037 de
1164 3976 1270 4059 prima
1294 3983 1495 4066 corruptione

543 4074 719 4161 specialiter
733 4072 856 4137 dictum
877 4072 929 4151 sit,
945 4088 1049 4159 potest
1070 4074 1159 4138 etde
1179 4075 1315 4161 singulis
1335 4083 1496 4147 manifesta

542 4177 663 4241 ratione
676 4176 856 4251 monstrari,
869 4177 946 4261 quia
961 4190 1076 4240 natura
1087 4176 1224 4240 hominis
1235 4179 1277 4242 ab
1288 4181 1496 4251 adolescentia

544 4301 601 4340 sun
627 4301 727 4363 prona
753 4292 799 4341 cst
825 4277 864 4340 ad
891 4276 1030 4351 malum;
1063 4291 1096 4342 ut
1124 4301 1163 4342 ex
1190 4299 1255 4363 quo
1286 4281 1399 4365 libero,
1428 4288 1495 4352 licet
