3550 5467
405 766 477 811 car.
496 747 583 827 xx1.]
742 763 997 809 eonrcnarrcus.
1296 745 1358 802 ata
1404 734 1407 738 ’

407 918 520 1002 Magni
539 916 648 980 Basilii
666 916 892 983 Christianum.
940 913 1131 977 Providebat
1148 912 1229 975 enim
1250 912 1357 996 Impe-

407 1032 494 1082 rator
510 1042 549 1082 nc
567 1019 652 1105 apud
669 1022 833 1104 Paganum
856 1017 1038 1102 Sophistam
1060 1016 1176 1100 legens,
1193 1015 1231 1078 ud
1250 1013 1358 1099 impie-

404 1119 481 1183 tatis
495 1118 647 1205 dogmata
668 1120 850 1184 declinaret.
896 1120 1035 1183 Profecit
1057 1140 1145 1200 ergo,
1170 1129 1204 1180 ut
1220 1116 1247 1178 ei
1271 1115 1356 1177 fama

403 1222 548 1288 deferret
571 1224 653 1288 vires
675 1224 798 1308 imperii
820 1223 1030 1308 gubernandi.
1076 1220 1173 1284 Unde
1196 1221 1227 1282 in
1255 1221 1358 1304 suspi-

405 1325 530 1390 cionem
553 1327 670 1391 ductus
692 1325 887 1412 imperatori,
911 1325 952 1387 ab
977 1325 1054 1388 urbe
1077 1322 1163 1407 regia
1184 1324 1295 1408 jussus
1309 1334 1356 1384 est

403 1427 575 1503 abstinere,
591 1429 768 1513 missusque
786 1426 1015 1501 Nicomediam,
1029 1424 1211 1509 prohibitus
1222 1435 1269 1485 est
1284 1444 1356 1485 con-

403 1530 513 1593 venire
536 1529 623 1615 apud
639 1529 811 1593 Libanium
837 1529 1017 1614 Sophistam
1041 1528 1157 1611 Syrum
1181 1545 1356 1609 paganum-

404 1655 481 1718 que,
493 1632 549 1718 qui
559 1632 602 1696 ibi
615 1656 633 1695 a
644 1629 1196 1717 paedagogisConstantinopolitanis
1205 1625 1358 1712 expulsus

405 1735 601 1798 morabatur.
648 1735 810 1798 Utebatur
833 1747 937 1798 tamen
955 1733 1087 1796 lectione
1111 1729 1263 1793 librorum
1280 1728 1358 1812 ejm,

407 1836 486 1899 etin
498 1835 654 1898 rhetorica
664 1835 839 1921 proficiens,
853 1835 995 1898 Maximo
1007 1832 1196 1919 philosopho
1208 1828 1359 1914 Ephesio,

407 1958 505 2021 quem
518 1950 638 2022 postea,
652 1937 741 2022 qnasi
752 1951 836 2001 artes
846 1935 983 2022 magicas
993 1947 1201 1999 exercentem.
1219 1930 1359 1996 Valenti-

407 2038 523 2101 nianus
547 2042 722 2124 Imperator
743 2039 817 2103 fecit
837 2039 950 2118 occidi,
965 2037 1127 2101 familiaris
1149 2035 1280 2099 effectus
1301 2045 1359 2098 est.

407 2140 583 2225 Quumque
592 2141 1008 2226 ubeoverbapbilosopbica
1017 2135 1359 2227 praegustasset,coepit

408 2240 478 2324 ejus
494 2241 610 2305 imitari
626 2241 820 2327 religionem,
839 2242 940 2325 magis
954 2257 985 2307 et
1003 2243 1103 2326 magis
1125 2239 1274 2326 cupidine
1289 2260 1360 2301 suc·

408 2366 521 2407 census
535 2344 669 2429 imperii.
715 2349 941 2431 Imperatorem
970 2369 1044 2410 vero
1067 2346 1193 2424 timens,
1214 2341 1362 2428 suspicio-

410 2467 548 2531 nemque
565 2469 690 2522 cavens‚
707 2461 817 2512 tonsus
832 2448 1045 2511 monachicam
1063 2447 1233 2511 simulabat
1252 2446 1359 2517 vitam,

409 2569 506 2630 agens
522 2548 713 2633 proditorem
730 2548 761 2610 in
785 2548 897 2611 babitu
915 2549 1108 2625 Christiano,
1126 2560 1158 2610 et
1176 2548 1209 2608 in
1230 2546 1361 2609 ecclesia

412 2647 606 2712 Nicomediae
629 2649 727 2712 lector
748 2648 924 2725 ordinatus
954 2648 997 2710 sic
1020 2646 1159 2711 furorem
1190 2643 1359 2709 declinavit

410 2753 627 2836 Imperatoris.
651 2753 688 2814 ln
699 2748 867 2813 manifesto
876 2762 982 2812 autem
991 2771 1094 2811 sacros
1104 2747 1359 2811 Christianorum

408 2851 536 2936 legebat
551 2850 659 2925 libros,
675 2862 707 2913 et
723 2850 856 2913 latenter
877 2851 1084 2914 exercebatur
1098 2851 1131 2912 in
1148 2849 1358 2935 philosophia,

406 2953 618 3016 invalescente
628 2974 750 3034 semper
759 2951 930 3016 ambitione
942 2952 1073 3038 imperii.
1100 2951 1195 3019 Unde
1209 2965 1241 3016 ct
1252 2951 1360 3015 amicis

407 3053 537 3120 dicebat
550 3052 653 3117 felicia
668 3054 736 3117 fore
751 3065 905 3140 tempora,
918 3055 1036 3139 quibus
1051 3055 1117 3140 ipse
1129 3077 1235 3118 rerum
1247 3054 1361 3140 potire-

408 3168 462 3222 tur
477 3155 620 3241 imperio.
665 3159 710 3220 Et
734 3156 864 3241 quidem
888 3179 999 3220 manus
1015 3180 1076 3220 non
1097 3157 1248 3222 evasisset
1263 3157 1360 3241 impe-

401 3259 535 3347 ratoris,
551 3257 610 3322 nisi
627 3262 821 3345 Imperatrix
838 3260 980 3323 Eusebia
995 3261 1157 3324 inveniens
1172 3260 1360 3340 latitantem,

406 3375 440 3427 et
455 3384 515 3446 pro
529 3384 567 3424 eo
581 3358 777 3424 intercedens
796 3360 997 3440 obtinuisset,
1013 3374 1047 3424 ut
1071 3361 1111 3425 ad
1132 3361 1359 3447 philosophan-

410 3464 489 3529 dum
504 3465 687 3528 mitteretur
703 3464 853 3529 Athenas.
899 3464 1011 3529 Refert
1031 3464 1252 3529 Theodoretus
1272 3465 1358 3551 quod

408 3565 521 3631 exinde
537 3565 716 3629 discurrens
734 3587 859 3628 omnem
877 3565 1059 3640 Heliadum,
1080 3582 1168 3632 vates
1183 3569 1359 3654 quaerebat,

407 3668 584 3747 consulens,
605 3690 645 3730 an
666 3667 706 3730 ad
730 3666 896 3752 imperium
924 3670 1111 3754 perveniret.
1159 3672 1358 3758 Inventoque

407 3771 474 3834 viro
489 3769 545 3856 qui
562 3791 595 3832 se
610 3769 864 3854 potentissimum
887 3767 920 3831 in
936 3771 1058 3856 magica
1077 3772 1244 3851 fateretur,
1260 3775 1359 3838 intro-

407 3871 524 3935 ductus
548 3883 596 3935 est
621 3870 662 3934 ab
691 3895 729 3935 eo
754 3873 786 3935 in
814 3870 917 3936 locum
943 3873 1112 3951 idolorum,
1135 3891 1171 3939 ut
1194 3878 1224 3940 in
1248 3877 1358 3940 abdito

407 3985 553 4035 evocatos
564 3993 583 4033 a
593 3993 686 4055 mago
700 3972 860 4037 daemones
872 3996 1010 4059 praesens
1021 3976 1207 4041 consuleret.
1232 3977 1358 4053 Quibus

406 4074 587 4137 solemniter
601 4075 838 4158 apparentibus,
854 4077 1036 4161 compulsus
1051 4091 1098 4140 est
1110 4077 1261 4140 Julianus
1276 4077 1359 4141 fron-

410 4187 472 4239 tem
484 4196 573 4237 suam
584 4175 686 4237 crucis
697 4175 820 4238 munire
830 4175 1001 4258 signaculo.
1041 4181 1112 4253 Quo
1122 4177 1217 4251 sacto,
1229 4191 1358 4260 repente

407 4277 568 4341 daemones
581 4276 818 4362 disparuerunt.
867 4276 985 4358 Magus
997 4278 1105 4362 itaque
1116 4281 1213 4361 coepit
1228 4277 1357 4364 culpare

409 4379 589 4443 Julianum.
635 4381 681 4442 At
697 4378 749 4441 ille
759 4376 959 4463 praetendens
970 4392 1101 4454 metum,
1112 4378 1214 4443 erucis
1230 4403 1261 4443 se
1276 4381 1358 4448 dixit
