3550 5467
426 739 491 797 2:30
687 751 823 796 rosetus
838 749 1120 798 ssnssnnsrnnsrs
1214 734 1374 814 [ntn.v1n.

534 901 701 968 Ingeminant
711 899 803 972 dnum
813 898 899 967 Tyrii,
912 897 1048 968 Troesque
1057 908 1213 969 sequuntsn.

535 985 592 1039 Nec
604 1006 655 1040 nnn
668 994 695 1041 et
706 989 777 1040 vario
789 992 892 1038 nortem
904 1003 1023 1038 sermone
1035 986 1160 1039 trahebat

532 1071 630 1125 lnt'elix
643 1072 722 1135 Dido,
735 1070 893 1139 longumque
904 1069 1012 1122 bibebat
1024 1087 1153 1123 amorem.

427 1174 578 1238 Vides-ue
614 1173 740 1238 delicati
770 1172 918 1237 instituta
945 1173 1096 1254 convivii,
1128 1197 1322 1260 processum,
1346 1189 1373 1240 et

424 1274 567 1340 exitum?
613 1274 785 1362 Superllua
808 1273 965 1361 siquidem
986 1274 1204 1358 praecessisse,
1220 1290 1251 1341 et
1272 1277 1371 1341 lusum

423 1378 591 1464 epularum
606 1400 737 1463 gravem
753 1375 849 1441 fuisse
864 1376 996 1454 indicat,
1013 1377 1103 1464 quod
1121 1379 1293 1465 praemisit:

532 1495 674 1565 Postquam
686 1496 767 1568 prima
780 1495 853 1563 quies
865 1494 957 1567 epulis.

424 1601 488 1677 Qui
503 1598 579 1664 alibi
595 1598 745 1685 parcioris
760 1621 876 1662 mensoe
890 1598 1095 1663 sobrietatem
1118 1614 1247 1677 notans,
1262 1614 1292 1665 et
1306 1623 1368 1687 qus

424 1699 500 1764 solis
514 1699 697 1765 necessariis
711 1698 841 1784 gaudet,
855 1701 916 1763 ait:

531 1815 673 1884 Postquam
684 1820 808 1885 exempta
818 1812 901 1866 sames
912 1811 1004 1884 epulis.

425 1920 541 1983 Verum
565 1919 642 2004 qnia
664 1917 754 1983 cibus
776 1920 919 1982 homines
940 1917 1054 1982 tacitos
1078 1918 1192 1999 efficit,
1215 1932 1312 2005 potus
1334 1920 1370 1984 lo

421 2044 549 2106 quates,
569 2022 749 2107 strepitum,
773 2033 805 2085 et
827 2032 943 2084 cetera
957 2018 1054 2084 luxus
1076 2020 1229 2106 insignis,
1245 2044 1319 2107 quse
1337 2022 1371 2087 de

421 2120 547 2186 licentia
566 2122 695 2186 bibendi
715 2123 918 2209 proveniunt,
935 2121 1111 2208 prudenter
1133 2122 1296 2210 adjunxit.
1338 2128 1369 2191 ln

419 2221 488 2305 ipsa
517 2245 647 2307 quoque
674 2236 883 2307 agapetarum
913 2222 1144 2288 consuetudine
1172 2225 1305 2310 planum
1328 2240 1370 2292 est

420 2320 558 2385 invenire
578 2323 848 2407 superstitionem,
864 2346 930 2410 qua
951 2323 1091 2388 numinis
1113 2324 1294 2392 solicitatur
1306 2351 1370 2413 gra·

419 2426 474 2504 tia,
489 2438 520 2489 et
540 2425 631 2510 quasi
654 2423 810 2508 religiosis
826 2425 975 2508 precibus
989 2425 1160 2508 invitatur,
1174 2430 1234 2516 qui
1251 2429 1329 2493 luxu
1342 2443 1370 2494 et

419 2526 631 2607 immunditia,
653 2527 715 2613 piis
736 2526 898 2591 mentibus
923 2525 1059 2603 inimica,
1082 2530 1200 2614 procul
1224 2530 1370 2616 abigitur.

421 2631 586 2718 Siquidem
601 2644 658 2694 aut
675 2633 765 2694 Dens
780 2628 907 2694 sobrius
924 2651 986 2692 non
1003 2643 1063 2706 est,
1079 2643 1137 2695 aut
1158 2632 1189 2696 ei
1211 2633 1372 2698 ebrietates

418 2733 596 2821 displicent.
643 2733 718 2797 Sine
732 2753 880 2795 mensura
898 2729 1020 2796 bibitur
1034 2731 1076 2795 ad
1093 2754 1291 2817 mensuram,
1304 2735 1372 2801 etis

417 2839 540 2905 certeris
560 2837 724 2924 praevalet,
739 2835 795 2922 qui
815 2849 872 2900 aut
895 2835 983 2921 gula,
998 2847 1055 2899 aut
1077 2835 1158 2902 dolo
1177 2841 1304 2917 stravit,
1317 2854 1369 2906 aut

421 2942 495 3005 vicit
511 2953 752 3026 compotatores.

526 3057 648 3110 Invenies
659 3055 767 3124 illisqui
780 3053 900 3106 Nestoris
911 3053 1000 3106 ebibat
1011 3071 1103 3107 annos.

594 3139 668 3201 Quot
678 3139 714 3191 sit
725 3155 772 3208 per
783 3135 876 3188 calices
887 3133 957 3188 facts
969 3135 1070 3204 Sibylla
1080 3153 1177 3191 senex.

419 3247 517 3309 Potus
530 3242 660 3328 quidem
676 3243 816 3306 animum
833 3263 853 3304 a
867 3239 951 3304 curis
962 3239 1101 3317 redimit,
1115 3242 1213 3308 solvit
1226 3258 1368 3321 mentem,

416 3360 601 3431 conceptam
632 3345 774 3412 laetitiam
805 3341 1004 3409 dissimulare
1034 3364 1096 3406 uon
1129 3357 1250 3430 potest.
1297 3349 1371 3412 Pro·

416 3447 537 3533 rumpit
552 3447 584 3510 in
599 3450 733 3527 cantica,
747 3460 779 3510 et
794 3446 835 3508 ab
850 3441 895 3509 eis
909 3444 950 3507 ab
971 3443 1135 3511 libidinem
1158 3446 1274 3533 vergit.
1319 3451 1369 3514 Ci-

416 3549 508 3612 thara
536 3551 672 3612 crinitus
704 3550 813 3634 lopas,
841 3569 902 3610 non
933 3545 1121 3611 stultissima
1153 3548 1201 3612 vel
1232 3549 1370 3615 bucolica

414 3663 562 3734 personat
591 3664 782 3726 amatorum,
813 3649 866 3713 sed
898 3672 935 3712 ea
964 3672 1038 3734 quae
1063 3647 1168 3714 civilis
1198 3665 1369 3717 conventus

414 3765 611 3816 venustatem
628 3749 771 3828 deceant,
781 3765 813 3816 et
827 3751 1036 3838 philosophici
1049 3754 1262 3838 majestatem.
1300 3756 1368 3820 Uti·

413 3878 484 3919 nam
501 3852 533 3916 in
550 3853 741 3919 Christianis
752 3855 889 3921 coetibns
905 3867 1156 3919 rememorentur
1171 3855 1238 3932 illa,
1254 3881 1327 3943 quae
1337 3858 1365 3921 in

412 3957 577 4022 luxurioso
600 3955 736 4021 Didonis
758 3956 904 4022 convivio
925 3955 1058 4020 crinitus
1084 3968 1116 4020 et
1139 3957 1365 4046 incompositus

413 4063 508 4147 Iopas
537 4059 711 4146 personuit.
767 4059 900 4123 Utinam
933 4055 1078 4122 bucolica
1106 4059 1157 4122 vel
1194 4062 1362 4128 stulticinia

410 4178 587 4228 amatorum
611 4160 835 4246 conquiescant
857 4160 889 4223 in
913 4159 1008 4222 domo
1030 4160 1195 4244 sapientis,
1217 4177 1250 4228 et
1272 4187 1309 4230 ea
1333 4163 1360 4229 in

405 4266 525 4330 ‚auditu
548 4264 691 4329 omnium
711 4273 868 4336 resonent,
885 4285 959 4348 quae
981 4274 1038 4326 aut
1063 4264 1199 4347 prosint,
1219 4280 1276 4331 aut
1299 4268 1359 4329 sine

409 4366 609 4451 turpitudine
629 4377 662 4427 et
683 4360 887 4447 corruptione
906 4361 1116 4427 demulceant.
1164 4365 1210 4432 Et
1232 4368 1356 4452 quidem
