3550 5467
405 766 479 810 car.
500 749 581 826 vin]
758 766 1011 813 ennucnancus.
1308 761 1371 818 ’289

406 916 588 989 tunianus;
620 916 675 1001 qui
699 917 907 1000 sumptuariae
937 919 1015 1002 legis
1044 920 1191 986 insistens
1222 928 1367 1010 vestigio,

405 1016 541 1083 domum
558 1016 683 1082 civilem
700 1017 817 1103 potius,
838 1041 934 1103 quam
951 1020 1198 1105 imperatoriam,
1214 1023 1245 1086 in
1262 1047 1369 1089 mensa

406 1119 524 1205 prima,
557 1118 660 1183 tribus
697 1119 879 1183 solennibus
909 1120 1092 1207 pulmentis,
1129 1123 1196 1186 sive
1226 1125 1366 1203 ferculis,
1440 1198 1445 1207 ¹

407 1221 526 1286 statuit
547 1244 614 1284 esse
629 1234 822 1296 contentam,
838 1221 916 1286 dum
940 1237 1045 1287 tamen
1063 1225 1186 1290 tellaria
1201 1229 1368 1313 parenthe-

409 1325 486 1401 tica,
503 1346 563 1410 pro
583 1323 769 1388 necessitate
784 1338 839 1389 aut
855 1325 1012 1410 dignitate
1031 1316 1248 1413 personarum,
1263 1343 1295 1395 et
1311 1344 1368 1396 aut

408 1425 590 1490 exercenda
620 1424 820 1500 liberalitate,
848 1438 906 1489 aut
937 1424 1122 1491 solennitate
1152 1427 1227 1505 diei,
1259 1432 1369 1515 primis

410 1525 528 1589 mensis
544 1523 669 1589 licuerit
684 1525 869 1589 immiscere.
895 1524 1043 1590 Solennia
1058 1527 1188 1612 quidem
1204 1527 1368 1613 pulmenta

410 1641 499 1703 sunt,
515 1650 589 1713 quae
605 1627 637 1690 in
653 1649 762 1690 omnes
777 1639 1013 1713 pertranseunt,
1027 1641 1059 1691 et
1080 1629 1236 1693 aGraecis
1253 1632 1369 1695 Catho-

409 1727 481 1804 lica,
509 1726 569 1790 hoc
595 1740 654 1803 est,
679 1725 868 1790 universalia
891 1727 1103 1791 nominantur.
1147 1730 1370 1795 Parenthetica

409 1853 497 1911 vero,
519 1852 593 1917 quae
615 1853 654 1894 ex
677 1852 774 1894 causa
796 1829 1002 1906 necessitatis,
1026 1847 1082 1894 aut
1110 1833 1312 1910 urbanitatis,
1335 1836 1367 1898 in

411 1947 603 2018 praeceptam
627 1930 736 2016 aliqua
752 1929 873 1993 ratione
895 1930 1027 1994 veniunt
1044 1945 1186 2017 partem:
1212 1934 1256 1998 sic
1275 1933 1369 2016 dicta,

407 2032 544 2119 eoquod
557 2031 750 2107 solennibus,
761 2030 795 2094 id
808 2046 854 2095 est
870 2030 1114 2108 universalibus,
1132 2034 1367 2120 particulariter

411 2139 533 2200 soleant
557 2134 726 2220 interponi.
775 2131 841 2196 Nec
864 2133 947 2196 enim
970 2133 1136 2218 pulmenta
1157 2136 1189 2199 in
1205 2136 1290 2200 olere
1312 2147 1368 2201 aut

410 2235 570 2323 legumine
579 2234 738 2299 duntaxat
750 2247 894 2298 constare
907 2248 1027 2300 certum
1042 2247 1100 2311 est,
1113 2249 1181 2301 tum
1192 2262 1232 2302 ex
1245 2239 1366 2316 multis,

411 2352 482 2405 tum
505 2361 545 2402 ex
568 2361 617 2416 eo,
639 2336 727 2423 quod
751 2335 939 2401 Patriarcha
961 2340 1049 2402 Isaac
1065 2337 1105 2401 de
1124 2342 1289 2406 venatione
1309 2341 1365 2405 filii

411 2441 459 2506 sui
474 2441 536 2504 sibi
552 2439 755 2526 pulmentum
771 2438 839 2501 fieri
854 2438 1033 2525 imperavit.
1058 2441 1245 2524 Significant
1259 2452 1365 2507 autem

411 2542 546 2607 bellaria
574 2563 666 2604 omne
690 2562 788 2622 genus
818 2562 934 2604 mensae
964 2539 1121 2617 secundae,
1152 2543 1301 2627 quoniam
1322 2542 1366 2606 ibi

410 2645 512 2710 solent
524 2643 642 2730 apponi
658 2666 732 2726 quae
745 2641 927 2729 pulchriora
940 2654 1016 2705 sunt
1028 2654 1060 2705 et
1072 2640 1265 2707 delicatiora.
1294 2648 1369 2709 Uti-

412 2761 467 2813 tur
482 2760 590 2811 autem
613 2745 673 2809 hoc
694 2744 819 2808 nomine
840 2747 887 2808 M.
906 2743 1024 2807 Varro:
1050 2750 1071 2780 “
1088 2743 1243 2808 Bellaria”
1262 2744 1368 2830 inquit

412 2858 434 2888 ‘⁴
451 2874 489 2913 ea
513 2848 648 2912 maxime
677 2846 799 2911 mellita
829 2858 915 2921 sunt,
939 2866 1013 2930 quae
1036 2843 1155 2908 mellita
1177 2866 1239 2908 non
1262 2847 1368 2909 sunt.”

414 2950 514 3027 Quod
526 2954 608 3015 forte
620 2972 657 3012 eo
670 2947 779 3010 referri
793 2959 909 3032 potest,
921 2945 1009 3031 quod
1024 2945 1125 3009 utenti
1137 2946 1278 3031 gratiora
1293 2959 1368 3010 sunt

412 3078 461 3135 ea,
478 3077 552 3141 quoe
568 3050 735 3115 necessitas
757 3048 892 3134 appetit,
915 3070 1013 3133 quam
1029 3070 1102 3132 quae
1124 3049 1260 3113 irritatio
1281 3049 1369 3134 guloe

412 3155 546 3221 invenit.
586 3152 650 3218 Sed
666 3153 750 3215 forte
765 3149 873 3236 pusilli
889 3148 1018 3212 videtur
1033 3148 1139 3229 animi,
1155 3149 1212 3236 qui
1226 3151 1268 3214 ad
1283 3152 1368 3216 huuc

412 3256 545 3322 modum
561 3256 673 3340 primae
688 3275 804 3317 mensae
821 3251 980 3315 luxuriam
997 3240 1134 3331 cohibet,
1149 3262 1206 3314 aut
1220 3254 1277 3337 qui
1292 3253 1367 3318 facit

412 3359 447 3424 in
462 3358 581 3424 talibus
597 3357 675 3441 legis
698 3354 907 3439 sumptuariae
931 3354 1131 3417 mentionem.
1178 3358 1246 3418 Nec
1262 3368 1367 3419 tamen

413 3464 542 3529 Caesare
557 3458 656 3542 major
671 3475 731 3535 est,
747 3470 801 3521 aut
815 3454 1067 3540 magnificentior
1079 3455 1237 3542 quispiam
1247 3479 1368 3538 eorum,

411 3567 469 3650 qui
485 3584 609 3627 morum
625 3582 796 3644 rerumque
807 3559 935 3645 jactura
950 3570 1097 3620 exercent
1112 3557 1232 3641 gulam.
1278 3560 1368 3624 Lux.

416 3666 496 3730 uriae
510 3664 746 3749 obsequuntur,
761 3659 903 3723 serviunt
921 3657 1064 3737 vanitati,
1076 3671 1109 3722 et
1120 3659 1294 3746 nequitiam
1310 3677 1367 3727 aut

413 3762 640 3851 negligentiam
657 3785 746 3827 suam
763 3763 911 3825 nituntur
928 3759 1128 3824 liberalitatis
1141 3760 1278 3848 imagine
1292 3786 1366 3827 con·

411 3867 517 3933 solari.
564 3865 642 3943 Quis
654 3868 783 3930 Caesare
795 3866 946 3946 Augusto
954 3860 1122 3947 frugalior,
1134 3864 1233 3949 quiin
1246 3885 1368 3928 summo

412 3967 533 4054 fastigii
557 3965 693 4031 culmine
714 3963 900 4028 secundario
924 3986 1015 4049 pane,
1038 3979 1069 4027 et
1092 3963 1261 4049 pisciculis,
1289 3987 1369 4049 quos

413 4068 511 4154 vulgo
525 4088 708 4151 asparagos,
724 4064 771 4128 vel
788 4065 973 4148 spinaticos,
987 4062 1035 4127 vel
1051 4064 1229 4151 ripileones,
1243 4076 1367 4134 vocant,

412 4183 581 4235 contentus
593 4179 673 4243 erat,
683 4182 715 4230 et
731 4188 793 4229 non
809 4165 867 4228 nisi
880 4166 1067 4230 necessitate
1079 4177 1212 4248 urgente
1227 4161 1369 4224 comede-

415 4273 481 4350 bat,
491 4270 543 4335 vel
555 4267 676 4331 amico?
693 4265 773 4343 Quis
784 4271 910 4330 Nerone
918 4265 1121 4350 gulosioraut
1132 4260 1368 4343 sumptuosior?

413 4376 458 4438 Et
482 4387 592 4436 tamen
616 4366 666 4430 hic
691 4389 856 4452 nunquam
880 4388 1028 4450 magnus,
1051 4376 1108 4427 aut
1131 4360 1280 4424 laudatus
1310 4360 1369 4423 erit
