3550 5467
541 681 602 737 ato
799 686 935 730 sotusrs
951 683 1228 728 sarrasaanrassrs
1322 663 1405 741 [arn.
1422 685 1486 728 vni.

541 865 598 904 uec
608 841 779 905 humanum
791 838 931 924 quidem,
941 839 1032 921 cujus
1043 851 1099 910 cst,
1111 856 1212 919 quum
1224 846 1338 896 catera
1349 834 1487 897 animalia

544 966 641 1026 prona
654 942 794 1005 ferantur
806 942 837 1002 in
855 954 983 1013 terram,
996 940 1122 1010 crolum,
1139 952 1170 998 et
1184 959 1258 1020 quae
1270 933 1411 999 coelestia
1422 954 1487 998 sunt

543 1058 646 1108 erecta
670 1044 822 1127 dignitate
846 1044 987 1125 corporis
1009 1055 1040 1103 et
1063 1040 1158 1101 animi
1182 1035 1403 1122 contemplari.
1447 1038 1486 1101 lli

543 1160 647 1210 tamen
673 1170 741 1220 suo,
766 1147 820 1208 scd
844 1144 940 1228 talpae
963 1141 1101 1227 quodam
1128 1156 1252 1203 naturae
1277 1138 1369 1218 vitio,
1392 1137 1485 1224 depu-

542 1263 686 1313 muntur.
710 1249 856 1313 Profecto
868 1246 1005 1310 deterior
1015 1259 1070 1318 est,
1082 1266 1177 1328 quem
1188 1242 1285 1328 culpa
1298 1241 1441 1312 maculat,
1454 1263 1486 1302 eo

544 1351 597 1436 qui
612 1364 735 1414 naturae
747 1349 869 1413 laborat
881 1348 1024 1432 imperio
1057 1350 1123 1409 Nec
1135 1344 1248 1408 credas
1263 1346 1367 1407 altum
1379 1364 1486 1428 sapue,

546 1450 601 1536 qui
624 1465 746 1515 uatnrae
768 1464 936 1523 consortes,
960 1471 1021 1510 non
1045 1461 1108 1510 tam
1132 1447 1264 1518 virtute,
1288 1467 1386 1531 quarn
1412 1443 1486 1505 vitiis

545 1551 614 1613 vult
632 1551 752 1636 praeire.
800 1549 860 1613 Sed
879 1547 955 1634 qnid
975 1549 1006 1610 in
1022 1570 1116 1632 grege
1137 1548 1199 1610 isto
1215 1547 1378 1632 talparum
1396 1564 1487 1629 arguo

546 1653 732 1727 caecitatem,
751 1652 807 1714 nisi
824 1650 910 1738 quod
933 1649 1064 1712 aliorum
1082 1648 1153 1710 t'nns
1168 1671 1234 1711 esse
1250 1648 1403 1712 videtur?
1440 1645 1487 1707 Ab

547 1778 585 1819 eo
611 1777 748 1840 namque
774 1753 950 1817 scaturiunt
977 1751 1068 1814 rivuli
1095 1750 1256 1830 vitiorum,
1282 1765 1320 1813 ut
1346 1751 1437 1834 quasi
1459 1747 1487 1810 iu

546 1878 676 1941 corpore
692 1879 755 1921 tuto
772 1855 876 1919 videas
892 1854 1081 1917 confluxisse
1097 1854 1304 1939 rapacitatem
1317 1852 1426 1929 leonis,
1441 1875 1489 1914 stc-

547 1957 652 2020 vitiam
671 1956 807 2041 tigridis,
823 1955 930 2041 gulam
945 1956 1021 2039 lupi,
1039 1956 1222 2017 varietatem
1239 1953 1343 2036 pardi,
1357 1952 1488 2017 fraudem

546 2060 660 2146 vulpiS,
678 2061 877 2123 tenacitatem
894 2059 1047 2143 harpyiae,
1062 2055 1297 2120 immunditiam
1315 2056 1391 2130 suis,
1408 2067 1490 2141 petu-

546 2162 674 2225 lantiam
692 2163 780 2239 birci,
799 2162 979 2246 superbiam
997 2160 1084 2246 equi,
1105 2157 1313 2223 stoliditatem
1330 2158 1421 2233 asini,
1440 2156 1489 2219 ob·

545 2262 743 2326 stinatianam
760 2260 849 2337 muli,
874 2264 1015 2325 toxicum
1040 2260 1163 2346 hydrae,
1187 2260 1383 2344 nigredinem
1401 2256 1489 2331 corvi,

546 2377 577 2429 et
590 2363 745 2449 quicquid
756 2362 843 2426 aliud
856 2362 1368 2448 perversitatisinfunderepotuit
1380 2359 1490 2424 bomini

545 2465 706 2530 teterrima
726 2479 880 2528 creatura.
928 2466 1010 2528 Nam
1027 2467 1067 2529 ab
1083 2489 1120 2528 eo
1137 2468 1285 2529 universa
1300 2465 1367 2528 ltaec
1382 2462 1491 2526 incont-

543 2568 639 2633 moda
661 2566 892 2654 profluxerunt,
915 2567 992 2630 dum
1018 2569 1089 2631 boni
1120 2581 1150 2630 et
1175 2567 1251 2630 mali
1274 2565 1443 2643 scientiam,
1463 2577 1491 2628 et

545 2669 782 2735 similitudinem
809 2671 868 2734 Dei
896 2669 1054 2754 promittit
1083 2691 1139 2754 per
1169 2669 1326 2753 rapinam.
1368 2665 1490 2730 Exinde

548 2771 696 2834 inclinata
722 2769 829 2833 estad
853 2769 970 2833 malum
993 2784 1108 2833 natura
1124 2768 1270 2850 hominis,
1296 2771 1388 2855 cujus
1407 2769 1490 2855 quasi

548 2872 694 2959 quaedam
712 2872 845 2934 infantia
860 2872 1020 2957 praecessit
1035 2872 1195 2947 innocens,
1211 2872 1290 2935 dum
1303 2871 1489 2957 acolloquiis

547 2974 803 3061 pervertentibus
818 2989 850 3037 et
864 2972 1021 3059 perversis
1035 2974 1198 3038 abstinuit.
1247 2974 1346 3041 Siluit
1356 2975 1449 3039 homo
1462 2985 1490 3037 et

548 3077 662 3141 mansit
678 3076 838 3152 innocens,
850 3076 989 3139 immisso
1004 3096 1114 3161 sopore
1129 3076 1326 3143 obdormivit
1341 3077 1494 3153 innocens,

548 3177 790 3264 expergefactus
813 3190 844 3241 et
865 3200 1036 3260 agnoscens
1057 3178 1213 3243 auxilium
1238 3179 1352 3261 simile,
1363 3179 1449 3267 quod
1467 3180 1493 3243 ei

548 3281 758 3345 fabricaverat
779 3283 879 3360 Deus,
894 3283 1075 3345 innocenter
1099 3281 1254 3368 loquutus
1274 3298 1323 3347 est
1343 3283 1494 3369 magnalia

547 3382 620 3447 Dei.
660 3382 721 3446 Sed
738 3405 776 3445 ex
793 3406 859 3468 quo
874 3384 974 3448 sactus
990 3385 1150 3448 verbosior
1163 3407 1220 3470 per
1235 3386 1353 3450 ostium
1370 3389 1495 3452 curiosi·

546 3485 1494 3568 tatiseductus,exercuitcumtentatoreverbicommercium,

546 3586 636 3667 quasi
653 3587 693 3649 ab
705 3587 838 3651 infantia
848 3588 1040 3665 adolescens,
1052 3604 1204 3675 concepto
1218 3589 1323 3655 calore
1335 3592 1493 3669 intumuit,

544 3697 575 3747 et
591 3685 820 3769 praevaricatus
833 3689 1030 3770 mandatum,
1042 3692 1134 3776 cujus
1149 3691 1295 3756 custodia
1305 3693 1347 3758 ad
1362 3695 1491 3779 gloriam

544 3783 647 3848 fuerat
661 3783 840 3868 profutura,
856 3805 1029 3873 corruptus
1042 3805 1100 3866 est,
1116 3806 1153 3855 ut
1168 3814 1208 3855 ex
1226 3805 1303 3857 tunc
1318 3793 1450 3858 mirabili
1464 3810 1495 3860 et

544 3884 718 3950 invincibili
730 3883 799 3968 lege
810 3886 1000 3953 conditionis
1010 3892 1151 3966 inflictae,
1163 3891 1223 3955 sibi
1235 3894 1313 3957 unio
1323 3892 1495 3959 reluctetur

544 3991 647 4054 carnis
669 4001 699 4052 ct
724 3987 865 4073 spiritus,
881 4004 918 4054 ut
939 3991 1026 4056 nulla
1048 3994 1171 4057 ratione
1190 3995 1341 4080 componi
1363 3997 1492 4082 possint,

544 4092 602 4155 nisi
619 4091 702 4154 illius
723 4092 826 4173 gratia
847 4092 1034 4174 intercedat,
1050 4095 1105 4181 qui
1128 4095 1203 4159 fecit
1225 4110 1361 4184 utraque
1386 4122 1493 4175 unum,

541 4207 573 4256 et
588 4215 724 4262 earnem,
737 4195 769 4255 in
785 4193 954 4259 electorum
969 4197 1041 4274 lino,
1055 4199 1147 4262 faciet
1164 4221 1181 4260 a
1197 4198 1311 4283 spiritu
1326 4202 1494 4266 absorberi.

542 4296 576 4360 Si
591 4293 868 4380 verbisgentilium
883 4298 929 4360 uti
946 4298 1017 4363 licet
1030 4300 1221 4375 Christiano,
1231 4303 1288 4385 qui
1303 4301 1380 4367 solis
1390 4303 1495 4371 electis
