<?xml version="1.0" encoding="UTF-8"?>
<!DOCTYPE html PUBLIC "-//W3C//DTD XHTML 1.0 Transitional//EN"
    "http://www.w3.org/TR/xhtml1/DTD/xhtml1-transitional.dtd">
<html xmlns="http://www.w3.org/1999/xhtml" xml:lang="en" lang="en">
 <head>
  <title>
</title>
<meta http-equiv="Content-Type" content="text/html;charset=utf-8" />
  <meta name='ocr-system' content='tesseract 3.04.00' />
  <meta name='ocr-capabilities' content='ocr_page ocr_carea ocr_par ocr_line ocrx_word'/>
</head>
<body>
  <div class='ocr_page' id='page_1' title='image "./joannissaresber17johngoog_0110.png"; bbox 0 0 3550 5467; ppageno 0'>
   <div class='ocr_carea' id='block_1_1' title="bbox 546 711 1494 790">
    <p class='ocr_par' dir='ltr' id='par_1_1' title="bbox 546 711 1494 790">
     <span class='ocr_line' id='line_1_1' title="bbox 546 711 1494 790; baseline -0.004 -14"><span class='ocrx_word' id='word_1_1' title='bbox 546 717 605 776; x_wconf 88' lang='lat'>100</span> <span class='ocrx_word' id='word_1_2' title='bbox 798 730 935 774; x_wconf 74' lang='lat' dir='ltr'>ioannis</span> <span class='ocrx_word' id='word_1_3' title='bbox 951 727 1226 773; x_wconf 78' lang='lat' dir='ltr'>saansaumussm</span> <span class='ocrx_word' id='word_1_4' title='bbox 1340 711 1424 790; x_wconf 83' lang='lat' dir='ltr'>[mu.</span> <span class='ocrx_word' id='word_1_5' title='bbox 1441 732 1494 775; x_wconf 81' lang='lat' dir='ltr'>ru.</span> 
     </span>
    </p>
   </div>
   <div class='ocr_carea' id='block_1_2' title="bbox 535 877 1496 4420">
    <p class='ocr_par' dir='ltr' id='par_1_2' title="bbox 535 877 1496 4420">
     <span class='ocr_line' id='line_1_2' title="bbox 537 877 1496 969; baseline -0.001 -24"><span class='ocrx_word' id='word_1_6' title='bbox 537 885 713 969; x_wconf 87' lang='lat' dir='ltr'>jussuum,</span> <span class='ocrx_word' id='word_1_7' title='bbox 731 894 765 943; x_wconf 93' lang='lat' dir='ltr'>ut</span> <span class='ocrx_word' id='word_1_8' title='bbox 781 904 800 943; x_wconf 93' lang='lat' dir='ltr'>a</span> <span class='ocrx_word' id='word_1_9' title='bbox 814 879 1008 966; x_wconf 81' lang='lat' dir='ltr'>possessione</span> <span class='ocrx_word' id='word_1_10' title='bbox 1028 878 1113 943; x_wconf 88' lang='lat' dir='ltr'>illius</span> <span class='ocrx_word' id='word_1_11' title='bbox 1130 877 1276 941; x_wconf 88' lang='lat' dir='ltr'>videatur</span> <span class='ocrx_word' id='word_1_12' title='bbox 1296 901 1407 943; x_wconf 91' lang='lat' dir='ltr'>omnes</span> <span class='ocrx_word' id='word_1_13' title='bbox 1422 879 1496 944; x_wconf 88' lang='lat' dir='ltr'>alios</span> 
     </span>
     <span class='ocr_line' id='line_1_3' title="bbox 542 977 1495 1062; baseline -0.004 -17"><span class='ocrx_word' id='word_1_14' title='bbox 542 981 720 1046; x_wconf 81' lang='lat' dir='ltr'>exclusisse.</span> <span class='ocrx_word' id='word_1_15' title='bbox 767 980 820 1043; x_wconf 89' lang='lat' dir='ltr'>Ita</span> <span class='ocrx_word' id='word_1_16' title='bbox 844 993 948 1044; x_wconf 89' lang='lat' dir='ltr'>tamen</span> <span class='ocrx_word' id='word_1_17' title='bbox 973 978 1004 1040; x_wconf 92' lang='lat' dir='ltr'>in</span> <span class='ocrx_word' id='word_1_18' title='bbox 1032 979 1103 1041; x_wconf 90' lang='lat' dir='ltr'>aliis</span> <span class='ocrx_word' id='word_1_19' title='bbox 1129 977 1242 1062; x_wconf 84' lang='lat' dir='ltr'>viguit,</span> <span class='ocrx_word' id='word_1_20' title='bbox 1267 990 1303 1041; x_wconf 89' lang='lat' dir='ltr'>ut</span> <span class='ocrx_word' id='word_1_21' title='bbox 1330 1001 1495 1042; x_wconf 90' lang='lat' dir='ltr'>commune</span> 
     </span>
     <span class='ocr_line' id='line_1_4' title="bbox 543 1078 1496 1166; baseline -0.003 -20"><span class='ocrx_word' id='word_1_22' title='bbox 543 1106 654 1147; x_wconf 90' lang='lat' dir='ltr'>nomeu</span> <span class='ocrx_word' id='word_1_23' title='bbox 672 1079 813 1146; x_wconf 89' lang='lat' dir='ltr'>omnium</span> <span class='ocrx_word' id='word_1_24' title='bbox 835 1079 1108 1166; x_wconf 87' lang='lat' dir='ltr'>philosophorum,</span> <span class='ocrx_word' id='word_1_25' title='bbox 1125 1078 1370 1158; x_wconf 74' lang='lat' dir='ltr'><strong>antonomasice,</strong></span> <span class='ocrx_word' id='word_1_26' title='bbox 1386 1080 1418 1144; x_wconf 91' lang='lat' dir='ltr'>id</span> <span class='ocrx_word' id='word_1_27' title='bbox 1440 1094 1496 1159; x_wconf 81' lang='lat' dir='ltr'>est,</span> 
     </span>
     <span class='ocr_line' id='line_1_5' title="bbox 542 1180 1494 1267; baseline -0.002 -20"><span class='ocrx_word' id='word_1_28' title='bbox 542 1184 732 1249; x_wconf 82' lang='lat' dir='ltr'>excellenter</span> <span class='ocrx_word' id='word_1_29' title='bbox 748 1181 805 1245; x_wconf 86' lang='lat' dir='ltr'>sibi</span> <span class='ocrx_word' id='word_1_30' title='bbox 829 1182 992 1267; x_wconf 90' lang='lat' dir='ltr'>proprium</span> <span class='ocrx_word' id='word_1_31' title='bbox 1014 1204 1080 1243; x_wconf 87' lang='lat' dir='ltr'>esse</span> <span class='ocrx_word' id='word_1_32' title='bbox 1096 1181 1256 1243; x_wconf 89' lang='lat' dir='ltr'>meruerit.</span> <span class='ocrx_word' id='word_1_33' title='bbox 1304 1180 1395 1245; x_wconf 84' lang='lat' dir='ltr'>Sicut</span> <span class='ocrx_word' id='word_1_34' title='bbox 1415 1182 1494 1245; x_wconf 87' lang='lat' dir='ltr'>enim</span> 
     </span>
     <span class='ocr_line' id='line_1_6' title="bbox 543 1282 1496 1369; baseline -0.002 -20"><span class='ocrx_word' id='word_1_35' title='bbox 543 1287 621 1350; x_wconf 91' lang='lat' dir='ltr'>urbs</span> <span class='ocrx_word' id='word_1_36' title='bbox 643 1291 787 1364; x_wconf 85' lang='lat' dir='ltr'><strong>Romam,</strong></span> <span class='ocrx_word' id='word_1_37' title='bbox 803 1289 967 1347; x_wconf 74' lang='lat' dir='ltr'>Maronem</span> <span class='ocrx_word' id='word_1_38' title='bbox 984 1285 1082 1345; x_wconf 86' lang='lat' dir='ltr'>Poeta</span> <span class='ocrx_word' id='word_1_39' title='bbox 1102 1282 1262 1366; x_wconf 81' lang='lat' dir='ltr'>exprimit,</span> <span class='ocrx_word' id='word_1_40' title='bbox 1278 1283 1323 1345; x_wconf 92' lang='lat' dir='ltr'>sic</span> <span class='ocrx_word' id='word_1_41' title='bbox 1342 1298 1375 1346; x_wconf 86' lang='lat' dir='ltr'>et</span> <span class='ocrx_word' id='word_1_42' title='bbox 1397 1283 1496 1369; x_wconf 86' lang='lat' dir='ltr'>pbilo-</span> 
     </span>
     <span class='ocr_line' id='line_1_7' title="bbox 542 1383 1495 1473; baseline -0.005 -22"><span class='ocrx_word' id='word_1_43' title='bbox 542 1389 634 1473; x_wconf 81' lang='lat' dir='ltr'>soplii</span> <span class='ocrx_word' id='word_1_44' title='bbox 650 1408 763 1451; x_wconf 88' lang='lat' dir='ltr'>nomen</span> <span class='ocrx_word' id='word_1_45' title='bbox 785 1390 867 1449; x_wconf 88' lang='lat' dir='ltr'>circa</span> <span class='ocrx_word' id='word_1_46' title='bbox 882 1383 1083 1448; x_wconf 71' lang='lat' dir='ltr'>Aristotelem</span> <span class='ocrx_word' id='word_1_47' title='bbox 1105 1383 1263 1446; x_wconf 89' lang='lat' dir='ltr'>utentium</span> <span class='ocrx_word' id='word_1_48' title='bbox 1286 1383 1406 1468; x_wconf 86' lang='lat' dir='ltr'>placito</span> <span class='ocrx_word' id='word_1_49' title='bbox 1425 1408 1495 1447; x_wconf 91' lang='lat' dir='ltr'>con·</span> 
     </span>
     <span class='ocr_line' id='line_1_8' title="bbox 542 1481 1496 1566; baseline -0.004 -15"><span class='ocrx_word' id='word_1_50' title='bbox 542 1500 679 1551; x_wconf 90' lang='lat' dir='ltr'>tractum</span> <span class='ocrx_word' id='word_1_51' title='bbox 693 1501 748 1549; x_wconf 89' lang='lat' dir='ltr'>est.</span> <span class='ocrx_word' id='word_1_52' title='bbox 774 1485 850 1548; x_wconf 88' lang='lat' dir='ltr'>Fuit</span> <span class='ocrx_word' id='word_1_53' title='bbox 862 1499 968 1546; x_wconf 87' lang='lat' dir='ltr'>autem</span> <span class='ocrx_word' id='word_1_54' title='bbox 981 1483 1139 1545; x_wconf 84' lang='lat' dir='ltr'>facundus</span> <span class='ocrx_word' id='word_1_55' title='bbox 1151 1481 1289 1566; x_wconf 88' lang='lat' dir='ltr'>eloquio,</span> <span class='ocrx_word' id='word_1_56' title='bbox 1303 1483 1357 1546; x_wconf 88' lang='lat' dir='ltr'>sed</span> <span class='ocrx_word' id='word_1_57' title='bbox 1373 1484 1496 1547; x_wconf 86' lang='lat' dir='ltr'>uberior</span> 
     </span>
     <span class='ocr_line' id='line_1_9' title="bbox 543 1583 1496 1666; baseline -0.002 -17"><span class='ocrx_word' id='word_1_58' title='bbox 543 1588 698 1666; x_wconf 89' lang='lat' dir='ltr'>sensibus,</span> <span class='ocrx_word' id='word_1_59' title='bbox 713 1602 743 1650; x_wconf 90' lang='lat' dir='ltr'>et</span> <span class='ocrx_word' id='word_1_60' title='bbox 765 1586 878 1649; x_wconf 87' lang='lat' dir='ltr'>doctus</span> <span class='ocrx_word' id='word_1_61' title='bbox 898 1585 1038 1647; x_wconf 89' lang='lat' dir='ltr'>omnium</span> <span class='ocrx_word' id='word_1_62' title='bbox 1062 1585 1226 1647; x_wconf 86' lang='lat' dir='ltr'>sententiis</span> <span class='ocrx_word' id='word_1_63' title='bbox 1249 1585 1389 1648; x_wconf 87' lang='lat' dir='ltr'>obviare.</span> <span class='ocrx_word' id='word_1_64' title='bbox 1437 1583 1496 1648; x_wconf 90' lang='lat' dir='ltr'>Hic</span> 
     </span>
     <span class='ocr_line' id='line_1_10' title="bbox 541 1686 1495 1775; baseline -0.004 -23"><span class='ocrx_word' id='word_1_65' title='bbox 541 1703 589 1752; x_wconf 91' lang='lat' dir='ltr'>est</span> <span class='ocrx_word' id='word_1_66' title='bbox 613 1690 668 1775; x_wconf 90' lang='lat' dir='ltr'>qui</span> <span class='ocrx_word' id='word_1_67' title='bbox 692 1689 815 1774; x_wconf 88' lang='lat' dir='ltr'>primus</span> <span class='ocrx_word' id='word_1_68' title='bbox 840 1686 1017 1750; x_wconf 88' lang='lat' dir='ltr'>studiorum</span> <span class='ocrx_word' id='word_1_69' title='bbox 1045 1709 1170 1769; x_wconf 80' lang='lat' dir='ltr'>genera,</span> <span class='ocrx_word' id='word_1_70' title='bbox 1193 1686 1224 1747; x_wconf 93' lang='lat' dir='ltr'>in</span> <span class='ocrx_word' id='word_1_71' title='bbox 1250 1686 1443 1750; x_wconf 78' lang='lat' dir='ltr'>acroaticum</span> <span class='ocrx_word' id='word_1_72' title='bbox 1466 1701 1495 1749; x_wconf 90' lang='lat' dir='ltr'>et</span> 
     </span>
     <span class='ocr_line' id='line_1_11' title="bbox 541 1787 1495 1854; baseline 0 -2"><span class='ocrx_word' id='word_1_73' title='bbox 541 1791 737 1854; x_wconf 79' lang='lat' dir='ltr'>exotericum</span> <span class='ocrx_word' id='word_1_74' title='bbox 757 1789 874 1852; x_wconf 90' lang='lat' dir='ltr'>dicitur</span> <span class='ocrx_word' id='word_1_75' title='bbox 895 1788 1086 1850; x_wconf 84' lang='lat' dir='ltr'>distinxisse.</span> <span class='ocrx_word' id='word_1_76' title='bbox 1125 1791 1207 1850; x_wconf 84' lang='lat' dir='ltr'>Nam</span> <span class='ocrx_word' id='word_1_77' title='bbox 1224 1801 1256 1851; x_wconf 89' lang='lat' dir='ltr'>et</span> <span class='ocrx_word' id='word_1_78' title='bbox 1278 1787 1451 1852; x_wconf 78' lang='lat' dir='ltr'>furniliares</span> <span class='ocrx_word' id='word_1_79' title='bbox 1465 1801 1495 1852; x_wconf 90' lang='lat' dir='ltr'>et</span> 
     </span>
     <span class='ocr_line' id='line_1_12' title="bbox 542 1888 1496 1976; baseline -0.001 -22"><span class='ocrx_word' id='word_1_80' title='bbox 542 1893 632 1976; x_wconf 82' lang='lat' dir='ltr'>quasi</span> <span class='ocrx_word' id='word_1_81' title='bbox 646 1891 807 1954; x_wconf 85' lang='lat' dir='ltr'>domestici</span> <span class='ocrx_word' id='word_1_82' title='bbox 819 1888 1071 1953; x_wconf 82' lang='lat' dir='ltr'>admittebantur</span> <span class='ocrx_word' id='word_1_83' title='bbox 1086 1889 1116 1951; x_wconf 93' lang='lat' dir='ltr'>in</span> <span class='ocrx_word' id='word_1_84' title='bbox 1129 1890 1295 1954; x_wconf 84' lang='lat' dir='ltr'>acroatica.</span> <span class='ocrx_word' id='word_1_85' title='bbox 1327 1891 1496 1953; x_wconf 86' lang='lat' dir='ltr'>Exoterica</span> 
     </span>
     <span class='ocr_line' id='line_1_13' title="bbox 542 1989 1494 2076; baseline 0.002 -24"><span class='ocrx_word' id='word_1_86' title='bbox 542 2015 616 2054; x_wconf 89' lang='lat' dir='ltr'>vero</span> <span class='ocrx_word' id='word_1_87' title='bbox 631 2014 692 2054; x_wconf 92' lang='lat' dir='ltr'>non</span> <span class='ocrx_word' id='word_1_88' title='bbox 710 1990 804 2053; x_wconf 91' lang='lat' dir='ltr'>modo</span> <span class='ocrx_word' id='word_1_89' title='bbox 818 1993 988 2066; x_wconf 90' lang='lat' dir='ltr'>extraneis,</span> <span class='ocrx_word' id='word_1_90' title='bbox 1003 1989 1055 2052; x_wconf 90' lang='lat' dir='ltr'>sed</span> <span class='ocrx_word' id='word_1_91' title='bbox 1076 1990 1267 2074; x_wconf 85' lang='lat' dir='ltr'>hospitibus,</span> <span class='ocrx_word' id='word_1_92' title='bbox 1285 1993 1450 2076; x_wconf 88' lang='lat' dir='ltr'>patebant,</span> <span class='ocrx_word' id='word_1_93' title='bbox 1464 2006 1494 2055; x_wconf 88' lang='lat' dir='ltr'>et</span> 
     </span>
     <span class='ocr_line' id='line_1_14' title="bbox 540 2092 1492 2178; baseline 0.005 -24"><span class='ocrx_word' id='word_1_94' title='bbox 540 2093 726 2178; x_wconf 87' lang='lat' dir='ltr'>peregrinis.</span> <span class='ocrx_word' id='word_1_95' title='bbox 765 2093 911 2154; x_wconf 88' lang='lat' dir='ltr'>Fuerunt</span> <span class='ocrx_word' id='word_1_96' title='bbox 928 2092 982 2176; x_wconf 88' lang='lat' dir='ltr'>qui</span> <span class='ocrx_word' id='word_1_97' title='bbox 999 2114 1070 2155; x_wconf 82' lang='lat' dir='ltr'>eum</span> <span class='ocrx_word' id='word_1_98' title='bbox 1092 2093 1206 2156; x_wconf 82' lang='lat' dir='ltr'>incubi</span> <span class='ocrx_word' id='word_1_99' title='bbox 1223 2093 1378 2158; x_wconf 89' lang='lat' dir='ltr'>daemonis</span> <span class='ocrx_word' id='word_1_100' title='bbox 1394 2096 1492 2159; x_wconf 89' lang='lat' dir='ltr'>filium</span> 
     </span>
     <span class='ocr_line' id='line_1_15' title="bbox 539 2194 1493 2283; baseline 0.004 -26"><span class='ocrx_word' id='word_1_101' title='bbox 539 2195 714 2272; x_wconf 90' lang='lat' dir='ltr'>crederent,</span> <span class='ocrx_word' id='word_1_102' title='bbox 738 2207 868 2279; x_wconf 84' lang='lat' dir='ltr'>propter</span> <span class='ocrx_word' id='word_1_103' title='bbox 892 2194 1067 2276; x_wconf 84' lang='lat' dir='ltr'>agilitatem</span> <span class='ocrx_word' id='word_1_104' title='bbox 1093 2197 1246 2280; x_wconf 89' lang='lat' dir='ltr'>corporis,</span> <span class='ocrx_word' id='word_1_105' title='bbox 1269 2201 1493 2283; x_wconf 88' lang='lat' dir='ltr'>perspicaciam</span> 
     </span>
     <span class='ocr_line' id='line_1_16' title="bbox 539 2294 1495 2383; baseline 0.004 -25"><span class='ocrx_word' id='word_1_106' title='bbox 539 2295 669 2379; x_wconf 86' lang='lat' dir='ltr'>ingenii,</span> <span class='ocrx_word' id='word_1_107' title='bbox 680 2308 711 2356; x_wconf 85' lang='lat' dir='ltr'>et</span> <span class='ocrx_word' id='word_1_108' title='bbox 723 2294 833 2379; x_wconf 73' lang='lat' dir='ltr'>gloriae</span> <span class='ocrx_word' id='word_1_109' title='bbox 845 2295 1035 2379; x_wconf 89' lang='lat' dir='ltr'>appetitum,</span> <span class='ocrx_word' id='word_1_110' title='bbox 1047 2319 1142 2380; x_wconf 88' lang='lat' dir='ltr'>quarn</span> <span class='ocrx_word' id='word_1_111' title='bbox 1157 2296 1326 2383; x_wconf 90' lang='lat' dir='ltr'>multiplici</span> <span class='ocrx_word' id='word_1_112' title='bbox 1338 2298 1495 2364; x_wconf 88' lang='lat' dir='ltr'>industria</span> 
     </span>
     <span class='ocr_line' id='line_1_17' title="bbox 538 2394 1494 2480; baseline 0.004 -21"><span class='ocrx_word' id='word_1_113' title='bbox 538 2394 687 2459; x_wconf 85' lang='lat' dir='ltr'>omnibus</span> <span class='ocrx_word' id='word_1_114' title='bbox 702 2395 872 2480; x_wconf 71' lang='lat' dir='ltr'>praeripere</span> <span class='ocrx_word' id='word_1_115' title='bbox 887 2410 1102 2461; x_wconf 81' lang='lat' dir='ltr'>consueverat.</span> <span class='ocrx_word' id='word_1_116' title='bbox 1130 2399 1284 2463; x_wconf 84' lang='lat' dir='ltr'>Testatur</span> <span class='ocrx_word' id='word_1_117' title='bbox 1298 2400 1339 2463; x_wconf 91' lang='lat' dir='ltr'>de</span> <span class='ocrx_word' id='word_1_118' title='bbox 1354 2424 1392 2464; x_wconf 91' lang='lat' dir='ltr'>eo</span> <span class='ocrx_word' id='word_1_119' title='bbox 1404 2400 1494 2465; x_wconf 90' lang='lat' dir='ltr'>Vale-</span> 
     </span>
     <span class='ocr_line' id='line_1_18' title="bbox 539 2497 1495 2582; baseline 0.006 -22"><span class='ocrx_word' id='word_1_120' title='bbox 539 2497 605 2561; x_wconf 92' lang='lat' dir='ltr'>rius</span> <span class='ocrx_word' id='word_1_121' title='bbox 622 2498 797 2569; x_wconf 89' lang='lat' dir='ltr'>Maximus,</span> <span class='ocrx_word' id='word_1_122' title='bbox 814 2497 892 2582; x_wconf 89' lang='lat' dir='ltr'>quia</span> <span class='ocrx_word' id='word_1_123' title='bbox 907 2520 1064 2582; x_wconf 86' lang='lat' dir='ltr'>supremae</span> <span class='ocrx_word' id='word_1_124' title='bbox 1085 2499 1158 2562; x_wconf 88' lang='lat' dir='ltr'>vitae</span> <span class='ocrx_word' id='word_1_125' title='bbox 1174 2499 1323 2580; x_wconf 88' lang='lat' dir='ltr'>reliquias</span> <span class='ocrx_word' id='word_1_126' title='bbox 1343 2501 1495 2566; x_wconf 90' lang='lat' dir='ltr'>senilibus</span> 
     </span>
     <span class='ocr_line' id='line_1_19' title="bbox 538 2598 1494 2682; baseline 0.006 -20"><span class='ocrx_word' id='word_1_127' title='bbox 538 2621 575 2662; x_wconf 88' lang='lat' dir='ltr'>ac</span> <span class='ocrx_word' id='word_1_128' title='bbox 590 2599 714 2682; x_wconf 88' lang='lat' dir='ltr'>rugosis</span> <span class='ocrx_word' id='word_1_129' title='bbox 726 2598 875 2662; x_wconf 89' lang='lat' dir='ltr'>membris</span> <span class='ocrx_word' id='word_1_130' title='bbox 885 2601 917 2662; x_wconf 89' lang='lat' dir='ltr'>in</span> <span class='ocrx_word' id='word_1_131' title='bbox 934 2621 1057 2661; x_wconf 92' lang='lat' dir='ltr'>summo</span> <span class='ocrx_word' id='word_1_132' title='bbox 1071 2598 1233 2664; x_wconf 87' lang='lat' dir='ltr'>literarum</span> <span class='ocrx_word' id='word_1_133' title='bbox 1245 2605 1313 2666; x_wconf 94' lang='lat' dir='ltr'>otio</span> <span class='ocrx_word' id='word_1_134' title='bbox 1325 2603 1379 2666; x_wconf 85' lang='lat' dir='ltr'>vix</span> <span class='ocrx_word' id='word_1_135' title='bbox 1392 2618 1494 2668; x_wconf 92' lang='lat' dir='ltr'>custo-</span> 
     </span>
     <span class='ocr_line' id='line_1_20' title="bbox 538 2699 1493 2786; baseline 0.007 -23"><span class='ocrx_word' id='word_1_136' title='bbox 538 2701 638 2781; x_wconf 87' lang='lat' dir='ltr'>diens,</span> <span class='ocrx_word' id='word_1_137' title='bbox 649 2702 729 2764; x_wconf 87' lang='lat' dir='ltr'>adeo</span> <span class='ocrx_word' id='word_1_138' title='bbox 741 2704 882 2764; x_wconf 86' lang='lat' dir='ltr'>valenter</span> <span class='ocrx_word' id='word_1_139' title='bbox 897 2723 956 2785; x_wconf 89' lang='lat' dir='ltr'>pro</span> <span class='ocrx_word' id='word_1_140' title='bbox 968 2699 1069 2764; x_wconf 85' lang='lat' dir='ltr'>salute</span> <span class='ocrx_word' id='word_1_141' title='bbox 1080 2703 1193 2786; x_wconf 76' lang='lat' dir='ltr'>patria</span> <span class='ocrx_word' id='word_1_142' title='bbox 1205 2704 1364 2785; x_wconf 91' lang='lat' dir='ltr'>incubuit,</span> <span class='ocrx_word' id='word_1_143' title='bbox 1374 2721 1410 2771; x_wconf 93' lang='lat' dir='ltr'>ut</span> <span class='ocrx_word' id='word_1_144' title='bbox 1427 2730 1493 2770; x_wconf 89' lang='lat' dir='ltr'>eam</span> 
     </span>
     <span class='ocr_line' id='line_1_21' title="bbox 537 2801 1491 2888; baseline 0.004 -21"><span class='ocrx_word' id='word_1_145' title='bbox 537 2803 579 2867; x_wconf 87' lang='lat' dir='ltr'>ab</span> <span class='ocrx_word' id='word_1_146' title='bbox 602 2804 771 2867; x_wconf 88' lang='lat' dir='ltr'>hostilibus</span> <span class='ocrx_word' id='word_1_147' title='bbox 794 2803 889 2866; x_wconf 90' lang='lat' dir='ltr'>armis</span> <span class='ocrx_word' id='word_1_148' title='bbox 914 2801 980 2865; x_wconf 89' lang='lat' dir='ltr'>solo</span> <span class='ocrx_word' id='word_1_149' title='bbox 1006 2817 1177 2888; x_wconf 83' lang='lat' dir='ltr'>aequatam,</span> <span class='ocrx_word' id='word_1_150' title='bbox 1201 2805 1232 2867; x_wconf 90' lang='lat' dir='ltr'>in</span> <span class='ocrx_word' id='word_1_151' title='bbox 1256 2805 1373 2870; x_wconf 91' lang='lat' dir='ltr'>lectulo</span> <span class='ocrx_word' id='word_1_152' title='bbox 1396 2808 1491 2872; x_wconf 81' lang='lat' dir='ltr'>Athe·</span> 
     </span>
     <span class='ocr_line' id='line_1_22' title="bbox 537 2903 1494 2995; baseline 0.004 -28"><span class='ocrx_word' id='word_1_153' title='bbox 537 2906 635 2969; x_wconf 87' lang='lat' dir='ltr'>aiensi</span> <span class='ocrx_word' id='word_1_154' title='bbox 647 2909 768 2993; x_wconf 88' lang='lat' dir='ltr'>jacens,</span> <span class='ocrx_word' id='word_1_155' title='bbox 782 2903 995 2968; x_wconf 88' lang='lat' dir='ltr'>Macedonum</span> <span class='ocrx_word' id='word_1_156' title='bbox 1008 2905 1049 2967; x_wconf 93' lang='lat' dir='ltr'>de</span> <span class='ocrx_word' id='word_1_157' title='bbox 1065 2906 1224 2984; x_wconf 83' lang='lat' dir='ltr'>manibus,</span> <span class='ocrx_word' id='word_1_158' title='bbox 1235 2907 1356 2992; x_wconf 87' lang='lat' dir='ltr'>quibus</span> <span class='ocrx_word' id='word_1_159' title='bbox 1369 2908 1494 2995; x_wconf 84' lang='lat' dir='ltr'>objecta</span> 
     </span>
     <span class='ocr_line' id='line_1_23' title="bbox 537 3004 1493 3092; baseline 0.006 -26"><span class='ocrx_word' id='word_1_160' title='bbox 537 3019 616 3082; x_wconf 89' lang='lat' dir='ltr'>erat,</span> <span class='ocrx_word' id='word_1_161' title='bbox 639 3010 783 3092; x_wconf 89' lang='lat' dir='ltr'>eriperet.</span> <span class='ocrx_word' id='word_1_162' title='bbox 831 3007 884 3069; x_wconf 88' lang='lat' dir='ltr'>Ita</span> <span class='ocrx_word' id='word_1_163' title='bbox 910 3004 989 3067; x_wconf 91' lang='lat' dir='ltr'>urbe</span> <span class='ocrx_word' id='word_1_164' title='bbox 1015 3017 1115 3069; x_wconf 90' lang='lat' dir='ltr'>strata</span> <span class='ocrx_word' id='word_1_165' title='bbox 1136 3019 1234 3092; x_wconf 91' lang='lat' dir='ltr'>atque</span> <span class='ocrx_word' id='word_1_166' title='bbox 1259 3030 1379 3085; x_wconf 87' lang='lat' dir='ltr'>eversa,</span> <span class='ocrx_word' id='word_1_167' title='bbox 1400 3008 1493 3073; x_wconf 85' lang='lat' dir='ltr'>Alex-</span> 
     </span>
     <span class='ocr_line' id='line_1_24' title="bbox 537 3107 1491 3195; baseline 0.003 -24"><span class='ocrx_word' id='word_1_168' title='bbox 537 3108 694 3195; x_wconf 87' lang='lat' dir='ltr'>andriquc</span> <span class='ocrx_word' id='word_1_169' title='bbox 722 3107 936 3172; x_wconf 86' lang='lat' dir='ltr'>familiaritate</span> <span class='ocrx_word' id='word_1_170' title='bbox 963 3130 1027 3192; x_wconf 90' lang='lat' dir='ltr'>qua</span> <span class='ocrx_word' id='word_1_171' title='bbox 1054 3107 1200 3171; x_wconf 89' lang='lat' dir='ltr'>restituta</span> <span class='ocrx_word' id='word_1_172' title='bbox 1226 3125 1284 3183; x_wconf 89' lang='lat' dir='ltr'>est,</span> <span class='ocrx_word' id='word_1_173' title='bbox 1312 3110 1491 3177; x_wconf 84' lang='lat' dir='ltr'>Aristotelis</span> 
     </span>
     <span class='ocr_line' id='line_1_25' title="bbox 538 3210 1489 3294; baseline 0.005 -21"><span class='ocrx_word' id='word_1_174' title='bbox 538 3229 648 3277; x_wconf 91' lang='lat' dir='ltr'>notum</span> <span class='ocrx_word' id='word_1_175' title='bbox 664 3225 711 3274; x_wconf 89' lang='lat' dir='ltr'>est</span> <span class='ocrx_word' id='word_1_176' title='bbox 726 3233 818 3294; x_wconf 90' lang='lat' dir='ltr'>opus.</span> <span class='ocrx_word' id='word_1_177' title='bbox 857 3210 950 3272; x_wconf 90' lang='lat' dir='ltr'>Licet</span> <span class='ocrx_word' id='word_1_178' title='bbox 966 3223 1072 3271; x_wconf 90' lang='lat' dir='ltr'>autern</span> <span class='ocrx_word' id='word_1_179' title='bbox 1094 3210 1255 3274; x_wconf 90' lang='lat' dir='ltr'>nominum</span> <span class='ocrx_word' id='word_1_180' title='bbox 1272 3226 1305 3276; x_wconf 90' lang='lat' dir='ltr'>et</span> <span class='ocrx_word' id='word_1_181' title='bbox 1322 3213 1489 3278; x_wconf 79' lang='lat' dir='ltr'>verborum</span> 
     </span>
     <span class='ocr_line' id='line_1_26' title="bbox 538 3309 1492 3397; baseline 0.005 -23"><span class='ocrx_word' id='word_1_182' title='bbox 538 3312 683 3375; x_wconf 86' lang='lat' dir='ltr'>turbator</span> <span class='ocrx_word' id='word_1_183' title='bbox 700 3311 868 3385; x_wconf 89' lang='lat' dir='ltr'>habeatur,</span> <span class='ocrx_word' id='word_1_184' title='bbox 884 3333 946 3372; x_wconf 92' lang='lat' dir='ltr'>non</span> <span class='ocrx_word' id='word_1_185' title='bbox 963 3309 1058 3373; x_wconf 91' lang='lat' dir='ltr'>modo</span> <span class='ocrx_word' id='word_1_186' title='bbox 1080 3311 1269 3389; x_wconf 84' lang='lat' dir='ltr'>subtilitate,</span> <span class='ocrx_word' id='word_1_187' title='bbox 1286 3336 1351 3397; x_wconf 87' lang='lat' dir='ltr'>qua</span> <span class='ocrx_word' id='word_1_188' title='bbox 1372 3315 1492 3379; x_wconf 86' lang='lat' dir='ltr'>eunctis</span> 
     </span>
     <span class='ocr_line' id='line_1_27' title="bbox 537 3409 1492 3492; baseline 0.009 -20"><span class='ocrx_word' id='word_1_189' title='bbox 537 3410 669 3473; x_wconf 88' lang='lat' dir='ltr'>celebris</span> <span class='ocrx_word' id='word_1_190' title='bbox 683 3423 741 3488; x_wconf 88' lang='lat' dir='ltr'>est,</span> <span class='ocrx_word' id='word_1_191' title='bbox 754 3409 805 3472; x_wconf 86' lang='lat' dir='ltr'>sed</span> <span class='ocrx_word' id='word_1_192' title='bbox 823 3423 854 3471; x_wconf 92' lang='lat' dir='ltr'>et</span> <span class='ocrx_word' id='word_1_193' title='bbox 871 3409 951 3471; x_wconf 89' lang='lat' dir='ltr'>mira</span> <span class='ocrx_word' id='word_1_194' title='bbox 962 3410 1118 3475; x_wconf 89' lang='lat' dir='ltr'>suavitate</span> <span class='ocrx_word' id='word_1_195' title='bbox 1132 3411 1257 3476; x_wconf 83' lang='lat' dir='ltr'>dicendi</span> <span class='ocrx_word' id='word_1_196' title='bbox 1272 3414 1404 3492; x_wconf 85' lang='lat' dir='ltr'>evaluit,</span> <span class='ocrx_word' id='word_1_197' title='bbox 1414 3415 1492 3480; x_wconf 86' lang='lat' dir='ltr'>adeo</span> 
     </span>
     <span class='ocr_line' id='line_1_28' title="bbox 537 3510 1490 3596; baseline 0.009 -25"><span class='ocrx_word' id='word_1_198' title='bbox 537 3510 679 3596; x_wconf 88' lang='lat' dir='ltr'>quidem,</span> <span class='ocrx_word' id='word_1_199' title='bbox 696 3523 731 3573; x_wconf 93' lang='lat' dir='ltr'>ut</span> <span class='ocrx_word' id='word_1_200' title='bbox 750 3510 876 3575; x_wconf 90' lang='lat' dir='ltr'>Platoni</span> <span class='ocrx_word' id='word_1_201' title='bbox 900 3511 1013 3576; x_wconf 88' lang='lat' dir='ltr'>merito</span> <span class='ocrx_word' id='word_1_202' title='bbox 1036 3514 1200 3596; x_wconf 88' lang='lat' dir='ltr'>proximus</span> <span class='ocrx_word' id='word_1_203' title='bbox 1220 3515 1319 3579; x_wconf 88' lang='lat' dir='ltr'>fuisse</span> <span class='ocrx_word' id='word_1_204' title='bbox 1335 3517 1490 3582; x_wconf 86' lang='lat' dir='ltr'>videatur.</span> 
     </span>
     <span class='ocr_line' id='line_1_29' title="bbox 537 3611 1491 3705; baseline 0.006 -28"><span class='ocrx_word' id='word_1_205' title='bbox 537 3616 622 3677; x_wconf 87' lang='lat' dir='ltr'>Eum</span> <span class='ocrx_word' id='word_1_206' title='bbox 636 3611 739 3676; x_wconf 86' lang='lat' dir='ltr'>laudis</span> <span class='ocrx_word' id='word_1_207' title='bbox 751 3613 847 3676; x_wconf 79' lang='lat' dir='ltr'>fuisse</span> <span class='ocrx_word' id='word_1_208' title='bbox 859 3613 1090 3693; x_wconf 88' lang='lat' dir='ltr'>avidissimum,</span> <span class='ocrx_word' id='word_1_209' title='bbox 1100 3615 1148 3677; x_wconf 83' lang='lat' dir='ltr'>rel</span> <span class='ocrx_word' id='word_1_210' title='bbox 1159 3639 1197 3678; x_wconf 87' lang='lat' dir='ltr'>ex</span> <span class='ocrx_word' id='word_1_211' title='bbox 1210 3639 1248 3678; x_wconf 90' lang='lat' dir='ltr'>eo</span> <span class='ocrx_word' id='word_1_212' title='bbox 1259 3631 1394 3698; x_wconf 89' lang='lat' dir='ltr'>constat,</span> <span class='ocrx_word' id='word_1_213' title='bbox 1404 3618 1491 3705; x_wconf 90' lang='lat' dir='ltr'>quod</span> 
     </span>
     <span class='ocr_line' id='line_1_30' title="bbox 537 3716 1491 3802; baseline 0.009 -23"><span class='ocrx_word' id='word_1_214' title='bbox 537 3739 637 3801; x_wconf 92' lang='lat' dir='ltr'>quum</span> <span class='ocrx_word' id='word_1_215' title='bbox 655 3716 829 3781; x_wconf 90' lang='lat' dir='ltr'>Theodocti</span> <span class='ocrx_word' id='word_1_216' title='bbox 846 3716 1004 3802; x_wconf 90' lang='lat' dir='ltr'>discipulo</span> <span class='ocrx_word' id='word_1_217' title='bbox 1021 3716 1117 3780; x_wconf 91' lang='lat' dir='ltr'>libros</span> <span class='ocrx_word' id='word_1_218' title='bbox 1132 3718 1209 3781; x_wconf 89' lang='lat' dir='ltr'>artis</span> <span class='ocrx_word' id='word_1_219' title='bbox 1223 3724 1371 3784; x_wconf 75' lang='lat' dir='ltr'>oratoriae</span> <span class='ocrx_word' id='word_1_220' title='bbox 1387 3737 1423 3786; x_wconf 91' lang='lat' dir='ltr'>ut</span> <span class='ocrx_word' id='word_1_221' title='bbox 1439 3746 1491 3788; x_wconf 88' lang='lat' dir='ltr'>eos</span> 
     </span>
     <span class='ocr_line' id='line_1_31' title="bbox 536 3817 1491 3903; baseline 0.008 -23"><span class='ocrx_word' id='word_1_222' title='bbox 536 3817 644 3880; x_wconf 86' lang='lat' dir='ltr'>ederet</span> <span class='ocrx_word' id='word_1_223' title='bbox 663 3820 874 3896; x_wconf 75' lang='lat' dir='ltr'>wucessisset,</span> <span class='ocrx_word' id='word_1_224' title='bbox 889 3817 1019 3881; x_wconf 89' lang='lat' dir='ltr'>moleste</span> <span class='ocrx_word' id='word_1_225' title='bbox 1031 3818 1134 3881; x_wconf 88' lang='lat' dir='ltr'>ferens</span> <span class='ocrx_word' id='word_1_226' title='bbox 1150 3834 1269 3903; x_wconf 84' lang='lat' dir='ltr'>postea,</span> <span class='ocrx_word' id='word_1_227' title='bbox 1282 3834 1407 3886; x_wconf 90' lang='lat' dir='ltr'>tantum</span> <span class='ocrx_word' id='word_1_228' title='bbox 1425 3823 1491 3888; x_wconf 87' lang='lat' dir='ltr'>lau·</span> 
     </span>
     <span class='ocr_line' id='line_1_32' title="bbox 536 3917 1489 4006; baseline 0.012 -26"><span class='ocrx_word' id='word_1_229' title='bbox 536 3918 585 3981; x_wconf 89' lang='lat' dir='ltr'>dis</span> <span class='ocrx_word' id='word_1_230' title='bbox 597 3933 627 3982; x_wconf 92' lang='lat' dir='ltr'>et</span> <span class='ocrx_word' id='word_1_231' title='bbox 643 3917 753 4003; x_wconf 86' lang='lat' dir='ltr'>gloriae</span> <span class='ocrx_word' id='word_1_232' title='bbox 769 3919 897 3983; x_wconf 91' lang='lat' dir='ltr'>titulum</span> <span class='ocrx_word' id='word_1_233' title='bbox 915 3942 947 3981; x_wconf 88' lang='lat' dir='ltr'>se</span> <span class='ocrx_word' id='word_1_234' title='bbox 962 3918 1015 3982; x_wconf 90' lang='lat' dir='ltr'>alii</span> <span class='ocrx_word' id='word_1_235' title='bbox 1030 3921 1169 3992; x_wconf 88' lang='lat' dir='ltr'>cessisse,</span> <span class='ocrx_word' id='word_1_236' title='bbox 1186 3923 1315 4006; x_wconf 92' lang='lat' dir='ltr'>proprio</span> <span class='ocrx_word' id='word_1_237' title='bbox 1331 3926 1489 3991; x_wconf 87' lang='lat' dir='ltr'>volumine</span> 
     </span>
     <span class='ocr_line' id='line_1_33' title="bbox 536 4020 1487 4107; baseline 0.009 -23"><span class='ocrx_word' id='word_1_238' title='bbox 536 4020 727 4107; x_wconf 87' lang='lat' dir='ltr'>quibusdam</span> <span class='ocrx_word' id='word_1_239' title='bbox 754 4021 851 4084; x_wconf 90' lang='lat' dir='ltr'>rebus</span> <span class='ocrx_word' id='word_1_240' title='bbox 879 4020 1037 4095; x_wconf 78' lang='lat' dir='ltr'>insistenS,</span> <span class='ocrx_word' id='word_1_241' title='bbox 1066 4020 1190 4105; x_wconf 88' lang='lat' dir='ltr'>planius</span> <span class='ocrx_word' id='word_1_242' title='bbox 1221 4024 1280 4086; x_wconf 89' lang='lat' dir='ltr'>sibi</span> <span class='ocrx_word' id='word_1_243' title='bbox 1307 4026 1348 4090; x_wconf 90' lang='lat' dir='ltr'>de</span> <span class='ocrx_word' id='word_1_244' title='bbox 1379 4028 1429 4092; x_wconf 86' lang='lat' dir='ltr'>his</span> <span class='ocrx_word' id='word_1_245' title='bbox 1458 4029 1487 4092; x_wconf 89' lang='lat' dir='ltr'>in</span> 
     </span>
     <span class='ocr_line' id='line_1_34' title="bbox 535 4120 1490 4207; baseline 0.008 -19"><span class='ocrx_word' id='word_1_246' title='bbox 535 4120 957 4188; x_wconf 84' lang='lat' dir='ltr'>Theodoctislibrisdictum</span> <span class='ocrx_word' id='word_1_247' title='bbox 971 4121 1098 4207; x_wconf 85' lang='lat' dir='ltr'>adjecit.</span> <span class='ocrx_word' id='word_1_248' title='bbox 1123 4123 1219 4187; x_wconf 91' lang='lat' dir='ltr'>Unde</span> <span class='ocrx_word' id='word_1_249' title='bbox 1230 4128 1376 4194; x_wconf 74' lang='lat' dir='ltr'>Valerius</span> <span class='ocrx_word' id='word_1_250' title='bbox 1386 4134 1490 4195; x_wconf 84' lang='lat' dir='ltr'>Maxi-</span> 
     </span>
     <span class='ocr_line' id='line_1_35' title="bbox 536 4221 1489 4309; baseline 0.009 -23"><span class='ocrx_word' id='word_1_251' title='bbox 536 4248 622 4288; x_wconf 77' lang='lat' dir='ltr'>ntus:</span> <span class='ocrx_word' id='word_1_252' title='bbox 646 4223 716 4288; x_wconf 87' lang='lat' dir='ltr'>Nisi</span> <span class='ocrx_word' id='word_1_253' title='bbox 733 4236 862 4286; x_wconf 88' lang='lat' dir='ltr'>metam</span> <span class='ocrx_word' id='word_1_254' title='bbox 879 4221 953 4284; x_wconf 84' lang='lat' dir='ltr'>latae</span> <span class='ocrx_word' id='word_1_255' title='bbox 969 4236 1000 4284; x_wconf 90' lang='lat' dir='ltr'>et</span> <span class='ocrx_word' id='word_1_256' title='bbox 1017 4235 1080 4286; x_wconf 90' lang='lat' dir='ltr'>tam</span> <span class='ocrx_word' id='word_1_257' title='bbox 1095 4227 1233 4309; x_wconf 76' lang='lat' dir='ltr'>patentis</span> <span class='ocrx_word' id='word_1_258' title='bbox 1248 4232 1390 4294; x_wconf 65' lang='lat' dir='ltr'>scientiae</span> <span class='ocrx_word' id='word_1_259' title='bbox 1407 4254 1489 4295; x_wconf 75' lang='lat' dir='ltr'>rere</span> 
     </span>
     <span class='ocr_line' id='line_1_36' title="bbox 536 4322 1489 4420; baseline 0.007 -32"><span class='ocrx_word' id='word_1_260' title='bbox 536 4325 652 4390; x_wconf 87' lang='lat' dir='ltr'>cundia</span> <span class='ocrx_word' id='word_1_261' title='bbox 675 4334 806 4399; x_wconf 87' lang='lat' dir='ltr'>teneret,</span> <span class='ocrx_word' id='word_1_262' title='bbox 829 4322 964 4385; x_wconf 89' lang='lat' dir='ltr'>dicerem</span> <span class='ocrx_word' id='word_1_263' title='bbox 988 4323 1120 4408; x_wconf 86' lang='lat' dir='ltr'>dignum</span> <span class='ocrx_word' id='word_1_264' title='bbox 1144 4330 1383 4415; x_wconf 88' lang='lat' dir='ltr'>philosophum,</span> <span class='ocrx_word' id='word_1_265' title='bbox 1401 4336 1489 4420; x_wconf 87' lang='lat' dir='ltr'>cujus</span> 
     </span>
    </p>
   </div>
   <div class='ocr_carea' id='block_1_3' title="bbox 0 0 1780 5467">
    <p class='ocr_par' dir='ltr' id='par_1_3' title="bbox 0 0 1780 5467">
     <span class='ocr_line' id='line_1_37' title="bbox 0 0 1780 5467; baseline 0 3"><span class='ocrx_word' id='word_1_266' title='bbox 0 0 1780 5467; x_wconf 95' lang='lat' dir='ltr'> </span> 
     </span>
    </p>
   </div>
  </div>
 </body>
</html>
