3550 5467
269 754 337 802 oar.
355 739 404 819 a]
641 755 894 802 roarenarrcus.
1195 747 1234 806 97

271 904 496 970 universitatis
509 918 541 971 et
556 905 758 970 formatorem
772 910 876 971 Deum
894 929 993 971 uuum
1005 930 1072 973 esse
1087 911 1232 987 asseruit,

271 1029 365 1092 quern
393 1007 440 1072 ob
462 1007 587 1091 insigne
608 1007 771 1085 bonitatis,
793 1022 824 1073 et
851 1007 954 1074 dulcis
979 1008 1121 1088 affectus,
1149 1011 1231 1078 dixit

271 1108 416 1173 omnium
436 1109 625 1194 genitorem,
639 1133 734 1196 quem
758 1124 889 1197 propter
911 1111 1100 1177 infinitatem
1123 1116 1234 1200 majes-

271 1210 358 1288 tatis,
374 1209 543 1296 potentiae,
559 1224 591 1275 et
606 1213 780 1298 sapientiae,
796 1228 828 1276 et
844 1213 996 1278 bonitatis
1011 1237 1088 1296 suae,
1104 1228 1168 1279 tam
1184 1234 1232 1279 est

271 1311 417 1376 invenire
439 1312 578 1391 difficile,
599 1335 696 1398 quam
721 1315 886 1378 inventum
914 1313 1010 1400 digne
1032 1316 1153 1402 profari
1174 1318 1234 1380 im-

271 1411 433 1498 possibile.
480 1415 629 1479 Eundem
655 1437 786 1500 quoque
811 1429 1079 1481 remuneratorem
1106 1439 1233 1503 speran-

273 1515 355 1579 tium
379 1518 413 1580 in
437 1539 470 1578 se
493 1538 571 1593 esse,
591 1529 624 1580 et
646 1515 818 1580 colentium
842 1539 884 1586 se,
909 1517 1035 1582 videtur
1056 1519 1232 1596 adstruere,

273 1614 382 1679 dicens
397 1616 571 1702 sapientem
588 1639 654 1680 esse
673 1619 828 1680 cultorem
845 1618 906 1681 Dei
924 1617 1159 1702 philosophum,
1175 1621 1233 1705 qui

274 1714 380 1780 animo
409 1728 442 1780 et
469 1730 545 1781 roto
569 1716 691 1781 accedit
717 1717 757 1781 ad
788 1717 987 1801 sapientiam,
1010 1731 1042 1782 et
1068 1741 1140 1782 eum
1167 1743 1234 1784 esse

274 1830 448 1883 amatorem
461 1819 540 1892 Dei3
564 1819 620 1905 qui
633 1818 715 1882 sicut
724 1818 907 1883 constitutae
917 1819 1131 1884 universitatis
1139 1844 1234 1886 causa

274 1935 321 1982 est
342 1917 554 1994 admirabilis,
575 1920 625 1983 ita'
641 1918 788 1984 bibendae
808 1917 968 1983 felicitatis
989 1919 1073 1983 idem
1094 1934 1141 1985 est
1162 1921 1234 1986 sons

275 2018 460 2085 indeficiens
475 2033 506 2084 et
531 2019 708 2105 singularis.
754 2021 883 2104 Moyses
899 2030 1010 2083 auctor
1029 2032 1088 2094 est,
1101 2021 1180 2106 quia
1199 2021 1233 2084 ia

276 2117 433 2205 principio
452 2119 571 2184 creavit
587 2123 676 2184 Deus
696 2118 811 2183 coelum
834 2133 866 2183 et
882 2133 1010 2196 terram,
1026 2133 1058 2184 et
1081 2121 1112 2184 iu
1129 2122 1233 2186 medio

275 2242 384 2286 earum
410 2243 526 2308 nquam
551 2221 714 2285 collocarit
740 2233 773 2284 et
798 2244 911 2285 aerem.
957 2226 1051 2287 Plato
1077 2225 1164 2309 quod
1191 2226 1232 2289 alr

275 2323 376 2403 initio,
388 2337 427 2388 ut
443 2323 594 2402 mundus,
606 2324 666 2409 ,qai
682 2322 802 2387 solidus
813 2338 844 2388 et
860 2325 993 2390 visibilis
1008 2325 1139 2391 futurus
1154 2341 1233 2404 erat,

278 2425 376 2491 videri
392 2438 500 2511 posset
511 2439 547 2488 et
564 2426 662 2510 tangi,
680 2423 768 2489 Deus
786 2425 864 2510 jecit
880 2426 946 2489 duo
961 2429 1064 2513 prima
1079 2428 1232 2493 mundani

276 2527 419 2613 eorporis
434 2525 653 2602 fundamenta,
668 2527 773 2611 ignem
789 2541 820 2592 et
837 2541 965 2606 terram,
979 2542 1011 2592 et
1026 2529 1071 2592 eis
1085 2530 1233 2592 concordi

276 2627 484 2714 proportione
497 2627 603 2692 media
617 2628 736 2692 sociata
749 2628 912 2692 insolabili
926 2629 1053 2692 vinculo
1066 2629 1234 2712 interjecit,

277 2729 336 2794 uisi
352 2743 459 2794 tamen
483 2729 630 2794 voluntas
644 2729 827 2807 conditoris,
844 2753 918 2816 quae
941 2730 1007 2793 sola
1023 2742 1120 2795 taatae
1135 2731 1233 2795 firmi-

277 2832 400 2897 tudinis
410 2855 511 2896 nexus
520 2831 789 2909 fidelissimusest‚
798 2846 833 2896 ut
843 2829 1232 2906 dissolvanturmdmittat.

277 2933 381 2997 Omne
396 2930 554 3018 siquidem
575 2929 662 3017 quod
680 2931 822 2995 vinctum
842 2943 901 3005 est,
918 2943 1033 2994 natura
1048 2930 1233 2996 dissolubile

277 3048 345 3100 est:
373 3034 428 3098 sed
446 3046 482 3097 ut
498 3033 590 3097 bonae
610 3030 837 3097 conciliationis
852 3028 957 3094 foedus
972 3045 1092 3116 pereat,
1107 3054 1169 3095 non
1186 3045 1233 3097 est

277 3138 426 3203 voluntas
448 3136 519 3212 Dei,
535 3136 670 3199 volentis
690 3135 774 3199 bonu
794 3134 964 3198 duntaxat.
1009 3135 1068 3198 Ait
1085 3138 1231 3221 Moyses:

276 3240 343 3317 Qui
358 3250 419 3316 est,
435 3237 522 3301 misit
537 3259 587 3300 me
602 3237 643 3300 ad
665 3256 730 3307 vos,
747 3250 779 3297 et
795 3233 886 3297 illum
910 3232 1060 3316 singulari
1077 3234 1185 3311 verbo,
1201 3250 1233 3301 et

277 3341 490 3428 praerogntira
518 3337 747 3423 significatione
775 3335 900 3400 censuit
926 3358 1003 3415 esse,
1028 3334 1084 3421 qui
1110 3359 1232 3423 semper

277 3443 361 3508 idem
377 3455 438 3520 est,
455 3455 492 3505 ut
506 3440 534 3504 ei
550 3463 607 3503 nee
622 3437 820 3525 praeteritum
844 3450 995 3512 transeat,
1011 3459 1067 3501 nec
1083 3437 1229 3503 futurum

277 3543 451 3620 immineat,
474 3543 580 3628 sitque
604 3541 753 3605 immunis
778 3538 920 3603 omnium
945 3552 1101 3604 motuum.
1148 3539 1230 3605 Nam

275 3645 538 3712 illasubsistendi
547 3643 739 3728 dedignatus
749 3655 797 3706 est
806 3642 915 3722 verbo,
924 3664 997 3729 quae
1008 3665 1081 3706 cum
1092 3656 1232 3730 tempore

276 3750 430 3814 festinant
444 3746 485 3811 ad
501 3769 563 3810 non
579 3768 657 3820 esse,
672 3759 704 3808 et
725 3743 858 3828 singulis
873 3744 1041 3808 momentis
1061 3766 1117 3827 per
1132 3745 1233 3810 varios

275 3865 384 3917 motus
402 3853 455 3915 sui
476 3848 721 3934 proficiscuntur
743 3847 774 3911 in
796 3858 940 3911 mortem.
985 3848 1030 3909 Et
1046 3845 1086 3909 de
1106 3846 1232 3911 homine

276 3954 407 4041 quidem
424 3953 554 4038 planum
571 3963 631 4027 est,
648 3950 722 4036 quia
739 3949 803 4014 vita
821 3950 893 4035 ejus
908 3970 969 4012 non
986 3961 1089 4013 status
1103 3963 1161 4024 est,
1177 3950 1231 4035 qui

275 4057 374 4121 verbo
401 4054 601 4121 substantivo
626 4052 741 4117 debeat
767 4052 915 4138 exprimi,
939 4051 994 4115 sed
1018 4052 1170 4117 transitus
1192 4053 1232 4114 de

277 4157 418 4225 uteroad
432 4156 607 4232 tumulum,
620 4168 653 4220 et
667 4155 759 4241 quasi
771 4155 849 4239 suga
864 4167 921 4218 aut
937 4154 1049 4218 umbra
1064 4151 1231 4215 existendi.

279 4258 372 4326 Plato
394 4259 528 4346 quidem
542 4257 574 4322 id
597 4280 728 4343 quoque
748 4256 848 4320 solum
872 4254 1036 4340 proprium
1053 4252 1131 4316 dicit
1154 4274 1231 4324 esse,

272 4363 363 4449 quod
386 4384 513 4448 semper
532 4375 579 4424 est
601 4359 698 4436 idem,
714 4380 773 4421 nec
796 4354 935 4419 motibus
957 4353 1106 4417 variatur.
1152 4353 1232 4429 Quae

316 4485 391 4530 vol..
412 4484 454 4528 tv.
758 4476 784 4520 Η
