3550 5467
273 761 346 807 car.
364 747 427 826 vn]
630 761 885 811 eonrcnarrcas.
1168 757 1233 816 220

273 914 425 993 deducta,
449 915 645 998 frugalitatis
668 919 820 979 maximas
842 929 874 979 et
900 918 1123 983 saluberrimas
1149 944 1233 985 com-

273 1014 403 1079 mendat
426 1014 586 1080 utilitates.
636 1019 707 1080 Hoc
727 1030 833 1081 autem
856 1016 1018 1103 eleganter
1038 1034 1070 1085 et
1094 1045 1166 1086 vere
1188 1026 1232 1088 ait

274 1116 504 1193 portunianus,
520 1117 676 1181 neminem
698 1118 833 1183 civiliter
857 1121 1031 1198 convivari,
1048 1122 1106 1186 nisi
1123 1125 1181 1208 qui
1200 1127 1233 1190 in

272 1218 345 1282 cibo
361 1217 422 1283 sibi
446 1235 477 1282 et
503 1232 594 1304 potu,
607 1220 805 1303 frugalitatis
820 1235 852 1285 et
868 1221 1035 1288 modestiae
1057 1227 1234 1310 praescribit

273 1322 417 1384 formam.
466 1319 696 1384 lmmoderatio
710 1321 783 1386 cibo
798 1335 830 1385 et
850 1335 957 1405 potus,
974 1322 1233 1409 dispensatricem

272 1423 417 1485 omnium
448 1420 623 1486 officiorum
658 1424 899 1509 temperantiam
938 1424 1048 1509 abigit.
1095 1428 1145 1490 Ea
1174 1431 1235 1492 im·

274 1522 412 1608 pellente
427 1526 465 1587 tit
480 1522 575 1588 bomo
589 1522 629 1587 ad
645 1523 842 1588 audiendum
869 1524 991 1602 tardus,
1009 1526 1102 1591 velox
1126 1528 1167 1592 ad
1189 1528 1234 1593 lo-

274 1624 496 1710 quendum,et
512 1625 604 1689 velox
620 1626 659 1690 ad
677 1627 765 1690 iram.
805 1627 860 1689 Fit
871 1626 913 1690 ad
926 1627 1090 1692 libidinem
1103 1651 1233 1714 pronus,

273 1740 304 1791 et
317 1726 358 1789 ad
372 1726 496 1813 quavis
506 1725 628 1812 flagitia
642 1749 789 1812 praeceps.
829 1727 892 1803 Qui
909 1728 1095 1793 modestiam
1107 1730 1236 1812 deserit,

274 1827 314 1890 ad
340 1827 496 1913 plebeiam
520 1829 710 1894 convivandi
732 1829 993 1894 consuetudinem
1017 1831 1109 1895 facile
1131 1833 1233 1917 prola-

276 1931 366 1994 bitur
389 1953 409 1993 a
430 1931 527 1994 civili.
575 1933 685 1996 Innuit
710 1932 768 1996 boc
792 1935 886 1997 Maro
910 1933 1090 1998 Homericae
1114 1934 1236 2018 perlec-

278 2032 377 2096 tionis
390 2030 591 2097 fidelissimus
606 2033 757 2109 imitator,
775 2035 829 2119 qui
846 2033 923 2098 dum
941 2057 1049 2120 arege
1063 2033 1235 2102 Phaeacum

278 2133 420 2217 Ulyxem
452 2149 623 2220 exceptum
654 2136 775 2213 recolit,
807 2137 944 2198 AEneam
980 2137 1173 2222 naufragum
1203 2140 1236 2202 in

274 2232 459 2298 convivium
471 2234 610 2300 Didonis
620 2236 843 2313 introducit,et
857 2236 1029 2302 Phaeacum
1041 2252 1072 2301 et
1083 2238 1235 2304 Afrorum

274 2333 450 2410 luxuriam,
469 2334 499 2397 in
518 2358 581 2399 uno
597 2335 742 2400 convivio
758 2336 919 2421 eleganter
935 2340 1107 2423 expressit:

382 2466 526 2535 Postquam
537 2469 620 2538 prima
632 2469 704 2535 quies
716 2468 808 2538 epulis,
821 2487 968 2537 mensesque
980 2477 1095 2535 remotas,

386 2548 510 2603 Crateras
521 2568 632 2619 magnos
644 2559 770 2614 statuunt,
784 2559 811 2604 et
821 2554 881 2604 rina
893 2561 1025 2605 coronant.

385 2634 430 2686 Pit
441 2636 566 2706 strepitus
577 2636 662 2699 tectis,
675 2654 813 2705 vocemque
826 2653 871 2706 per
882 2636 968 2707 ampla
979 2636 1096 2689 volutant

384 2720 471 2785 Atria,
484 2720 631 2790 dependent
644 2719 731 2788 lychni
743 2720 909 2788 laquearibus
922 2722 1008 2773 aureis

385 2805 499 2868 lnceusi,
512 2813 539 2857 et
550 2813 652 2859 noctem
664 2807 778 2859 flammis
790 2805 887 2859 funalia
899 2807 1011 2858 rmcum.

384 2891 437 2943 Hic
448 2894 539 2959 regina
550 2910 656 2959 gravem
668 2894 778 2959 gemmis
790 2909 903 2960 auroque
914 2893 1039 2963 poposcit,

385 2975 561 3046 implevitque
572 2994 644 3028 mero
657 2984 783 3047 pateram,
796 2994 873 3044 quam
887 2975 969 3028 Belus
982 2982 1009 3028 et
1020 2992 1109 3029 omnes

384 3061 410 3113 Α
425 3060 492 3114 Belo
504 3061 588 3114 soliti:
607 3069 663 3114 tum
675 3061 745 3114 facta
757 3060 862 3114 silentia
874 3063 958 3126 tectis,

387 3149 404 3173 “
418 3142 521 3213 Jupiter
532 3142 693 3214 (hospitibus
704 3161 764 3194 narn
777 3149 803 3194 te
816 3143 878 3194 dare
886 3145 946 3215 jura
957 3142 1107 3211 loquuntur)

386 3225 464 3278 Hunc
476 3224 563 3279 laetum
576 3227 715 3296 Tyriisque
728 3227 806 3289 diem,
819 3228 948 3299 Trojaque
960 3224 1091 3298 prosectis,

386 3313 453 3364 Esse
466 3311 539 3377 velis,
551 3320 704 3383 nostrosque
715 3313 793 3383 hujus
805 3314 955 3366 meminisse
967 3315 1088 3367 minores.

386 3398 466 3450 Adsit
476 3397 578 3452 laetitias
592 3400 713 3453 Bacchus
725 3401 807 3464 dator,
821 3405 848 3452 et
858 3400 927 3452 bona
939 3400 954 3449 J
957 3417 1016 3453 uno.

388 3485 424 3537 Et
436 3503 480 3537 vos
492 3503 508 3536 o
519 3492 616 3537 coetum
627 3486 702 3553 Tyrii
713 3485 843 3538 celebrate
855 3484 1001 3538 faventes.”

389 3569 476 3634 Dixit,
488 3578 516 3623 et
527 3573 554 3623 in
566 3589 657 3623 mensa
667 3571 773 3624 laticum
784 3572 877 3624 libavit
889 3572 1021 3636 honorem,

388 3656 526 3727 Primaque
537 3657 619 3710 libato
632 3677 730 3711 musmo
743 3668 818 3711 tenus
830 3660 921 3726 attigit
933 3676 985 3711 ore.

386 3742 456 3795 Tum
469 3744 550 3796 Bitia
563 3743 635 3796 dedit
647 3746 816 3816 increpitans:
835 3744 879 3797 ille
892 3745 1001 3816 impiger
1013 3745 1100 3800 hausit

388 3829 557 3901 Spumantem
568 3836 694 3900 pateram,
706 3836 734 3882 et
745 3830 820 3900 pleno
833 3848 861 3883 sa
872 3829 968 3903 proluit
980 3849 1051 3883 auro.

390 3914 455 3968 Post
466 3915 511 3967 alii
523 3933 652 3987 proceres:
671 3917 769 3968 cithara
781 3918 886 3969 crinitus
899 3917 978 3988 Iopas

388 3999 517 4054 Personat
528 4006 628 4064 amata,
641 4001 728 4053 docuit
739 4019 797 4070 quae
809 4003 940 4074 maximus
951 4000 1038 4053 Atlas.

389 4084 441 4136 llic
453 4087 524 4137 canit
534 4094 663 4138 errantem
678 4088 786 4150 Lunam,
799 4086 918 4155 Solisque
928 4085 1048 4138 labores:

392 4172 470 4223 Unde
483 4172 615 4224 hominum
628 4190 721 4239 genus,
733 4183 760 4224 et
773 4173 894 4242 pecudes,
907 4172 975 4225 unde
987 4171 1078 4233 imber,
1091 4175 1118 4221 et
1129 4169 1210 4236 ignis:

390 4259 538 4320 Arcttrrum,
553 4257 726 4326 Pleiadasque
740 4258 859 4325 Hyadas,
871 4257 1040 4325 geminosque
1052 4256 1155 4306 aiones.

389 4341 461 4404 Quid
473 4349 574 4395 tantum
587 4344 693 4395 Oceano
704 4350 842 4413 properent
855 4360 883 4393 se
896 4343 998 4408 tingere
1011 4337 1086 4389 Soles

392 4426 513 4492 Hiberni,
526 4427 565 4479 vel
578 4447 637 4498 ques
649 4426 731 4481 tardis
743 4444 815 4478 mora
826 4426 944 4477 noctibus
956 4424 1051 4476 obstet.
