3550 5467
443 749 505 809 216
703 767 840 810 roansrs
855 765 1140 812 sanasasrususrs
1232 754 1314 828 [nra.
1330 771 1389 815 nn.

440 917 532 979 cunia
549 932 733 998 occupatus,
749 917 828 981 adeo
844 933 878 981 nt
899 917 1013 982 domus
1036 920 1109 1003 ejus
1133 921 1228 1004 quasi
1252 921 1385 1006 quadam

441 1019 665 1085 munificentiae
680 1019 804 1084 officina
819 1021 1013 1083 crederetur.
1052 1021 1146 1086 illinc
1162 1023 1248 1085 euim
1265 1023 1386 1107 publicis

440 1122 548 1186 usibus
579 1138 652 1207 apta
678 1137 882 1186 monumenta
911 1123 1160 1202 extruebautur,
1192 1123 1278 1186 illinc
1304 1140 1385 1207 grata

438 1224 575 1310 publicis
594 1223 694 1287 oculis
714 1226 894 1309 spectacula
914 1225 1105 1302 edebantur,
1122 1226 1211 1289 illinc
1229 1225 1383 1310 epularum

438 1326 595 1412 magnifici
633 1341 818 1412 apparatus,
855 1327 1039 1411 labentique
1076 1350 1216 1390 annonoe
1254 1327 1383 1392 subsidia

437 1426 632 1490 oriebantur.
689 1428 734 1490 Et
756 1449 853 1512 quum
876 1426 944 1492 brec
964 1428 1141 1499 universis3
1174 1427 1322 1513 privatim
1337 1427 1383 1491 ali-

438 1543 544 1593 menta
566 1527 672 1614 inopia
694 1528 921 1603 laborantibus,
937 1528 1029 1593 dotes
1050 1529 1244 1614 virginibus,
1261 1551 1383 1615 pauper·

438 1645 505 1696 tate
530 1633 643 1716 pressis
668 1631 821 1709 subsidia,
844 1630 1110 1695 detrimentorum
1142 1631 1273 1696 incursu
1303 1653 1385 1716 quas·

439 1734 518 1798 satis
555 1733 666 1796 solatia
703 1733 935 1815 erogabantur:
975 1732 1119 1818 hospites
1156 1756 1289 1820 quoque
1324 1745 1383 1796 turn

438 1836 568 1899 urbanis
597 1837 775 1919 penatibus,
806 1848 872 1899 tum
911 1834 1007 1898 etiam
1046 1835 1174 1899 rusticis
1212 1836 1304 1899 tectis
1340 1836 1384 1897 be·

436 1938 622 2023 nignissirue
643 1938 781 2023 excepti,
796 1937 892 2000 variis
914 1936 1101 2001 muneribus
1122 1938 1228 2002 ornati
1251 1937 1384 2002 dimitte·

435 2042 562 2103 bantur.
608 2039 755 2116 Quodam
788 2061 862 2102 vero
891 2052 1043 2124 tempore,
1075 2042 1270 2125 quingentos
1299 2039 1383 2104 simul

436 2141 619 2204 Gelensium
636 2142 771 2225 equites,
783 2141 812 2203 vi
830 2140 1026 2225 tempestatis
1040 2140 1072 2203 in
1089 2142 1304 2228 possessiones
1318 2165 1383 2205 suas

434 2242 624 2327 compulsos,
640 2242 719 2306 aluit
735 2266 771 2305 ac
787 2243 925 2307 vestivit.
965 2242 1050 2320 Quid
1067 2241 1191 2308 multa?
1220 2245 1291 2308 Non
1308 2266 1383 2308 mor-

434 2344 527 2410 talem
550 2344 701 2429 aliquem,
718 2345 773 2408 sed
799 2345 948 2430 propitiae
967 2345 1107 2409 l'ortunae
1129 2347 1302 2431 benignum
1325 2369 1384 2410 esse

432 2447 553 2510 diceres
567 2447 679 2510 sinum.
708 2450 798 2529 Ergo
813 2446 900 2532 quod
913 2446 1028 2510 Gillias
1039 2448 1237 2531 possidebat,
1246 2450 1380 2512 omnium

433 2554 523 2636 quasi
539 2571 706 2613 commune
721 2549 946 2635 patrimonium
963 2564 1042 2627 erat,
1057 2573 1118 2634 pro
1132 2551 1230 2636 cujus
1245 2550 1345 2615 salute
1355 2562 1383 2613 et

433 2650 645 2727 incrementis,
656 2665 722 2714 tara
736 2651 945 2734 Agrigentina
954 2649 1077 2721 civitas,
1088 2665 1158 2714 tum
1172 2652 1267 2715 etiam
1278 2651 1383 2715 viciare

434 2756 579 2836 regiones
590 2753 671 2816 votis
682 2753 893 2816 excubabant.
926 2751 1106 2816 Collocaex
1117 2753 1279 2817 contraria
1289 2768 1384 2840 parte,

433 2878 523 2917 arcas
547 2851 797 2917 inexorabilibus
818 2853 966 2916 claustris
987 2852 1163 2929 obseratas,
1186 2876 1288 2918 nonne
1310 2878 1384 2940 prae·

432 2958 615 3020 stantiorem
633 2954 797 3039 aliquanto
812 2953 973 3017 existimes
987 2953 1074 3017 illam
1090 2955 1279 3040 impensam,
1294 2979 1383 3042 quam

432 3053 725 3122 banccustodiam?
746 3055 1383 3145 Deniquequicquidsapientiadisponit,

431 3160 646 3245 approbatum
677 3157 763 3241 quod
788 3160 950 3221 temeritas
977 3158 1155 3243 praesumit,
1179 3182 1263 3224 verse
1286 3160 1383 3223 laudis

431 3262 573 3325 fructum
589 3281 790 3345 nequaquam
808 3260 997 3343 assequitur.

432 3508 511 3588 Cap.
535 3513 562 3567 b.
595 3505 648 3567 De
678 3507 799 3569 duobus
827 3510 1036 3571 naturalibus
1066 3511 1242 3596 qffectilrus,
1272 3512 1385 3574 scilicet

473 3628 579 3668 umore
585 3609 682 3684 justi,
693 3617 723 3669 et
733 3630 839 3671 (rmore
849 3611 1017 3672 courmodi:
1039 3618 1070 3672 et
1081 3614 1258 3693 desoqudo
1269 3634 1384 3688 aarum,

472 3730 578 3770 umore
591 3711 711 3771 scilicet
726 3712 892 3788 libertatis,
907 3722 936 3774 et
952 3734 1060 3775 umore
1074 3714 1277 3779 dominandi:
1304 3724 1334 3778 et
1348 3717 1383 3778 ds

472 3811 709 3890 comparatione
733 3811 872 3874 Cesaris
892 3818 924 3873 et
946 3812 1100 3875 Catonis:
1131 3815 1170 3876 de
1189 3814 1383 3892 Almndro,

473 3913 651 3985 Aristotete,
673 3913 817 3993 Auyusto
834 3919 866 3974 et
883 3912 1038 3976 Plutona·
1067 3921 1098 3976 et
1120 3917 1159 3975 de
1182 3918 1233 3978 tris
1255 3922 1312 4001 qui
1333 3921 1380 3981 riu

471 4019 564 4078 deuio
579 4017 624 4077 ad
633 4019 771 4098 pluriam
786 4022 935 4097 perperat.

472 4170 563 4244 chrs
586 4167 714 4252 quidem
731 4168 863 4230 affectus
885 4166 916 4230 in
935 4167 1061 4232 bomine
1077 4171 1118 4233 ab
1135 4170 1228 4237 initio
1243 4175 1380 4238 extitisse

427 4291 525 4332 sacrm
540 4269 706 4353 scripturae
717 4268 863 4352 designat
873 4274 1058 4346 auctoritas,
1070 4276 1253 4356 appetitum
1267 4276 1379 4340 scilicet

423 4371 517 4452 justi,
533 4387 561 4432 ct
580 4369 735 4432 commodi
752 4369 942 4455 appetitum.
970 4371 1115 4446 Quorum
1133 4377 1215 4438 alter
1227 4377 1259 4438 in
1278 4378 1384 4449 voluti,
