<?xml version="1.0" encoding="UTF-8"?>
<!DOCTYPE html PUBLIC "-//W3C//DTD XHTML 1.0 Transitional//EN"
    "http://www.w3.org/TR/xhtml1/DTD/xhtml1-transitional.dtd">
<html xmlns="http://www.w3.org/1999/xhtml" xml:lang="en" lang="en">
 <head>
  <title>
</title>
<meta http-equiv="Content-Type" content="text/html;charset=utf-8" />
  <meta name='ocr-system' content='tesseract 3.04.00' />
  <meta name='ocr-capabilities' content='ocr_page ocr_carea ocr_par ocr_line ocrx_word'/>
</head>
<body>
  <div class='ocr_page' id='page_1' title='image "./joannissaresber17johngoog_0203.png"; bbox 0 0 3550 5467; ppageno 0'>
   <div class='ocr_carea' id='block_1_1' title="bbox 429 746 1390 845">
    <p class='ocr_par' dir='ltr' id='par_1_1' title="bbox 429 746 1390 845">
     <span class='ocr_line' id='line_1_1' title="bbox 429 746 1390 845; baseline -0.01 -15"><span class='ocrx_word' id='word_1_1' title='bbox 429 773 496 830; x_wconf 75' lang='lat' dir='ltr'><strong>uir.</strong></span> <span class='ocrx_word' id='word_1_2' title='bbox 513 746 618 845; x_wconf 66' lang='lat' dir='ltr'><strong>xxa]</strong></span> <span class='ocrx_word' id='word_1_3' title='bbox 789 781 1044 827; x_wconf 79' lang='lat' dir='ltr'><strong>murcnarrcus.</strong></span> <span class='ocrx_word' id='word_1_4' title='bbox 1332 761 1390 823; x_wconf 75' lang='lat'><strong>198</strong></span> 
     </span>
    </p>
   </div>
   <div class='ocr_carea' id='block_1_2' title="bbox 430 931 1387 1730">
    <p class='ocr_par' dir='ltr' id='par_1_2' title="bbox 430 931 1387 1730">
     <span class='ocr_line' id='line_1_2' title="bbox 430 931 1386 1020; baseline -0.008 -20"><span class='ocrx_word' id='word_1_5' title='bbox 430 937 619 1020; x_wconf 77' lang='lat' dir='ltr'><strong>philosophi</strong></span> <span class='ocrx_word' id='word_1_6' title='bbox 632 946 834 1000; x_wconf 89' lang='lat' dir='ltr'><strong>censuerunt.</strong></span> <span class='ocrx_word' id='word_1_7' title='bbox 867 934 915 997; x_wconf 83' lang='lat' dir='ltr'><strong>At</strong></span> <span class='ocrx_word' id='word_1_8' title='bbox 928 936 997 998; x_wconf 78' lang='lat' dir='ltr'><strong>hec</strong></span> <span class='ocrx_word' id='word_1_9' title='bbox 1007 933 1147 1017; x_wconf 83' lang='lat' dir='ltr'><strong>perfecte</strong></span> <span class='ocrx_word' id='word_1_10' title='bbox 1157 933 1225 996; x_wconf 84' lang='lat' dir='ltr'><strong>sine</strong></span> <span class='ocrx_word' id='word_1_11' title='bbox 1240 931 1386 996; x_wconf 84' lang='lat' dir='ltr'><strong>libertate</strong></span> 
     </span>
     <span class='ocr_line' id='line_1_3' title="bbox 430 1033 1387 1121; baseline -0.006 -21"><span class='ocrx_word' id='word_1_12' title='bbox 430 1059 492 1100; x_wconf 88' lang='lat' dir='ltr'><strong>nou</strong></span> <span class='ocrx_word' id='word_1_13' title='bbox 503 1038 669 1121; x_wconf 81' lang='lat' dir='ltr'><strong>provenit,</strong></span> <span class='ocrx_word' id='word_1_14' title='bbox 677 1037 894 1121; x_wconf 78' lang='lat' dir='ltr'><strong>libertatisque</strong></span> <span class='ocrx_word' id='word_1_15' title='bbox 904 1033 1297 1118; x_wconf 87' lang='lat' dir='ltr'><strong>dispendium,perfectam</strong></span> <span class='ocrx_word' id='word_1_16' title='bbox 1309 1054 1387 1097; x_wconf 93' lang='lat' dir='ltr'><strong>con·</strong></span> 
     </span>
     <span class='ocr_line' id='line_1_4' title="bbox 432 1136 1387 1222; baseline -0.003 -21"><span class='ocrx_word' id='word_1_17' title='bbox 432 1140 608 1203; x_wconf 83' lang='lat' dir='ltr'><strong>vincitnon</strong></span> <span class='ocrx_word' id='word_1_18' title='bbox 616 1138 895 1203; x_wconf 60' lang='lat' dir='ltr'><strong>adessevirtutema</strong></span> <span class='ocrx_word' id='word_1_19' title='bbox 910 1137 999 1219; x_wconf 87' lang='lat' dir='ltr'><strong>Ergo</strong></span> <span class='ocrx_word' id='word_1_20' title='bbox 1008 1149 1107 1222; x_wconf 87' lang='lat' dir='ltr'><strong>etpro</strong></span> <span class='ocrx_word' id='word_1_21' title='bbox 1116 1137 1265 1199; x_wconf 80' lang='lat' dir='ltr'><strong>virtutum</strong></span> <span class='ocrx_word' id='word_1_22' title='bbox 1274 1136 1387 1199; x_wconf 87' lang='lat' dir='ltr'><strong>babitu</strong></span> 
     </span>
     <span class='ocr_line' id='line_1_5' title="bbox 432 1237 1384 1326; baseline -0.004 -23"><span class='ocrx_word' id='word_1_23' title='bbox 432 1241 568 1326; x_wconf 83' lang='lat' dir='ltr'>quilibet</span> <span class='ocrx_word' id='word_1_24' title='bbox 577 1251 611 1305; x_wconf 91' lang='lat' dir='ltr'><strong>et</strong></span> <span class='ocrx_word' id='word_1_25' title='bbox 620 1242 704 1304; x_wconf 91' lang='lat' dir='ltr'><strong>liber</strong></span> <span class='ocrx_word' id='word_1_26' title='bbox 717 1251 776 1318; x_wconf 88' lang='lat' dir='ltr'><strong>cst,</strong></span> <span class='ocrx_word' id='word_1_27' title='bbox 788 1251 831 1317; x_wconf 91' lang='lat' dir='ltr'><strong>et,</strong></span> <span class='ocrx_word' id='word_1_28' title='bbox 845 1249 1004 1324; x_wconf 84' lang='lat' dir='ltr'><strong>quatenus</strong></span> <span class='ocrx_word' id='word_1_29' title='bbox 1015 1251 1064 1302; x_wconf 92' lang='lat' dir='ltr'><strong>est</strong></span> <span class='ocrx_word' id='word_1_30' title='bbox 1077 1239 1168 1314; x_wconf 93' lang='lat' dir='ltr'><strong>liber,</strong></span> <span class='ocrx_word' id='word_1_31' title='bbox 1182 1249 1314 1301; x_wconf 85' lang='lat' dir='ltr'><strong>eatenus</strong></span> <span class='ocrx_word' id='word_1_32' title='bbox 1325 1237 1384 1299; x_wconf 87' lang='lat' dir='ltr'><strong>vir·</strong></span> 
     </span>
     <span class='ocr_line' id='line_1_6' title="bbox 432 1338 1387 1428; baseline -0.006 -22"><span class='ocrx_word' id='word_1_33' title='bbox 432 1344 555 1407; x_wconf 84' lang='lat' dir='ltr'><strong>tutibus</strong></span> <span class='ocrx_word' id='word_1_34' title='bbox 575 1342 687 1428; x_wconf 89' lang='lat' dir='ltr'><strong>pollet.</strong></span> <span class='ocrx_word' id='word_1_35' title='bbox 732 1343 762 1404; x_wconf 88' lang='lat' dir='ltr'>E</span> <span class='ocrx_word' id='word_1_36' title='bbox 786 1351 900 1406; x_wconf 89' lang='lat' dir='ltr'><strong>contra</strong></span> <span class='ocrx_word' id='word_1_37' title='bbox 914 1339 989 1404; x_wconf 81' lang='lat' dir='ltr'><strong>vitia</strong></span> <span class='ocrx_word' id='word_1_38' title='bbox 1003 1342 1072 1405; x_wconf 88' lang='lat' dir='ltr'><strong>sola</strong></span> <span class='ocrx_word' id='word_1_39' title='bbox 1085 1340 1269 1403; x_wconf 85' lang='lat' dir='ltr'><strong>servitutem</strong></span> <span class='ocrx_word' id='word_1_40' title='bbox 1291 1338 1387 1401; x_wconf 93' lang='lat' dir='ltr'><strong>indu·</strong></span> 
     </span>
     <span class='ocr_line' id='line_1_7' title="bbox 434 1440 1386 1528; baseline -0.005 -21"><span class='ocrx_word' id='word_1_41' title='bbox 434 1456 521 1520; x_wconf 85' lang='lat' dir='ltr'><strong>cunt,</strong></span> <span class='ocrx_word' id='word_1_42' title='bbox 532 1444 762 1528; x_wconf 81' lang='lat' dir='ltr'>hominemque</span> <span class='ocrx_word' id='word_1_43' title='bbox 773 1443 918 1527; x_wconf 80' lang='lat' dir='ltr'><strong>personis</strong></span> <span class='ocrx_word' id='word_1_44' title='bbox 929 1453 962 1504; x_wconf 91' lang='lat' dir='ltr'><strong>et</strong></span> <span class='ocrx_word' id='word_1_45' title='bbox 973 1443 1069 1504; x_wconf 91' lang='lat' dir='ltr'><strong>rebus</strong></span> <span class='ocrx_word' id='word_1_46' title='bbox 1080 1440 1223 1504; x_wconf 85' lang='lat' dir='ltr'><strong>indebito</strong></span> <span class='ocrx_word' id='word_1_47' title='bbox 1235 1440 1386 1503; x_wconf 78' lang='lat' dir='ltr'><strong>famulatu</strong></span> 
     </span>
     <span class='ocr_line' id='line_1_8' title="bbox 434 1540 1386 1630; baseline -0.005 -22"><span class='ocrx_word' id='word_1_48' title='bbox 434 1547 629 1630; x_wconf 75' lang='lat' dir='ltr'><strong>subjiciunt:</strong></span> <span class='ocrx_word' id='word_1_49' title='bbox 668 1556 702 1610; x_wconf 90' lang='lat' dir='ltr'><strong>ct</strong></span> <span class='ocrx_word' id='word_1_50' title='bbox 732 1547 808 1610; x_wconf 87' lang='lat' dir='ltr'><strong>licet</strong></span> <span class='ocrx_word' id='word_1_51' title='bbox 841 1545 976 1609; x_wconf 81' lang='lat' dir='ltr'><strong>servitus</strong></span> <span class='ocrx_word' id='word_1_52' title='bbox 1009 1564 1153 1627; x_wconf 80' lang='lat' dir='ltr'><strong>personae</strong></span> <span class='ocrx_word' id='word_1_53' title='bbox 1192 1540 1386 1627; x_wconf 87' lang='lat' dir='ltr'><strong>quandoque</strong></span> 
     </span>
     <span class='ocr_line' id='line_1_9' title="bbox 434 1645 1387 1730; baseline -0.005 -21"><span class='ocrx_word' id='word_1_54' title='bbox 434 1647 646 1711; x_wconf 78' lang='lat' dir='ltr'><strong>miserabilior</strong></span> <span class='ocrx_word' id='word_1_55' title='bbox 665 1658 828 1730; x_wconf 81' lang='lat' dir='ltr'><strong>appareat,</strong></span> <span class='ocrx_word' id='word_1_56' title='bbox 844 1647 991 1710; x_wconf 77' lang='lat' dir='ltr'><strong>vitiorum</strong></span> <span class='ocrx_word' id='word_1_57' title='bbox 1006 1646 1138 1709; x_wconf 78' lang='lat' dir='ltr'><strong>servitus</strong></span> <span class='ocrx_word' id='word_1_58' title='bbox 1153 1645 1248 1725; x_wconf 86' lang='lat' dir='ltr'><strong>louge</strong></span> <span class='ocrx_word' id='word_1_59' title='bbox 1263 1663 1387 1726; x_wconf 83' lang='lat' dir='ltr'><strong>semper</strong></span> 
     </span>
    </p>
   </div>
   <div class='ocr_carea' id='block_1_3' title="bbox 436 1739 1391 4545">
    <p class='ocr_par' dir='ltr' id='par_1_3' title="bbox 436 1739 1391 4545">
     <span class='ocr_line' id='line_1_10' title="bbox 436 1739 1386 1830; baseline -0.006 -18"><span class='ocrx_word' id='word_1_60' title='bbox 436 1749 580 1812; x_wconf 82' lang='lat' dir='ltr'><strong>miserior</strong></span> <span class='ocrx_word' id='word_1_61' title='bbox 601 1760 661 1811; x_wconf 88' lang='lat' dir='ltr'><strong>est.</strong></span> <span class='ocrx_word' id='word_1_62' title='bbox 706 1747 794 1821; x_wconf 88' lang='lat' dir='ltr'><strong>Quid</strong></span> <span class='ocrx_word' id='word_1_63' title='bbox 816 1759 865 1811; x_wconf 86' lang='lat' dir='ltr'><strong>cst</strong></span> <span class='ocrx_word' id='word_1_64' title='bbox 891 1747 1000 1830; x_wconf 89' lang='lat' dir='ltr'><strong>itaque</strong></span> <span class='ocrx_word' id='word_1_65' title='bbox 1025 1744 1194 1809; x_wconf 79' lang='lat' dir='ltr'><strong>amabilius</strong></span> <span class='ocrx_word' id='word_1_66' title='bbox 1217 1739 1386 1806; x_wconf 78' lang='lat' dir='ltr'><strong>libertate?</strong></span> 
     </span>
     <span class='ocr_line' id='line_1_11' title="bbox 436 1841 1388 1927; baseline -0.008 -16"><span class='ocrx_word' id='word_1_67' title='bbox 436 1847 523 1920; x_wconf 88' lang='lat' dir='ltr'><strong>Quid</strong></span> <span class='ocrx_word' id='word_1_68' title='bbox 537 1846 744 1910; x_wconf 83' lang='lat' dir='ltr'><strong>favorabilius</strong></span> <span class='ocrx_word' id='word_1_69' title='bbox 758 1847 800 1921; x_wconf 89' lang='lat' dir='ltr'><strong>ei,</strong></span> <span class='ocrx_word' id='word_1_70' title='bbox 810 1845 866 1927; x_wconf 93' lang='lat' dir='ltr'><strong>qui</strong></span> <span class='ocrx_word' id='word_1_71' title='bbox 883 1843 1009 1907; x_wconf 82' lang='lat' dir='ltr'><strong>virtutis</strong></span> <span class='ocrx_word' id='word_1_72' title='bbox 1024 1842 1164 1925; x_wconf 91' lang='lat' dir='ltr'><strong>aliquam</strong></span> <span class='ocrx_word' id='word_1_73' title='bbox 1179 1841 1388 1904; x_wconf 81' lang='lat' dir='ltr'><strong>reverentiam</strong></span> 
     </span>
     <span class='ocr_line' id='line_1_12' title="bbox 436 1941 1389 2031; baseline -0.006 -19"><span class='ocrx_word' id='word_1_74' title='bbox 436 1946 553 2012; x_wconf 87' lang='lat' dir='ltr'><strong>habeti</strong></span> <span class='ocrx_word' id='word_1_75' title='bbox 592 1949 676 2011; x_wconf 87' lang='lat' dir='ltr'><strong>Eam</strong></span> <span class='ocrx_word' id='word_1_76' title='bbox 702 1946 899 2031; x_wconf 78' lang='lat' dir='ltr'><strong>promovisse</strong></span> <span class='ocrx_word' id='word_1_77' title='bbox 923 1964 1034 2007; x_wconf 85' lang='lat' dir='ltr'><strong>omnes</strong></span> <span class='ocrx_word' id='word_1_78' title='bbox 1058 1941 1203 2024; x_wconf 89' lang='lat' dir='ltr'><strong>egregios</strong></span> <span class='ocrx_word' id='word_1_79' title='bbox 1228 1942 1389 2026; x_wconf 79' lang='lat' dir='ltr'><strong>principes</strong></span> 
     </span>
     <span class='ocr_line' id='line_1_13' title="bbox 436 2043 1388 2132; baseline -0.004 -21"><span class='ocrx_word' id='word_1_80' title='bbox 436 2049 573 2131; x_wconf 86' lang='lat' dir='ltr'><strong>legimus</strong></span> <span class='ocrx_word' id='word_1_81' title='bbox 581 2073 590 2126; x_wconf 92' lang='lat'>;</span> <span class='ocrx_word' id='word_1_82' title='bbox 613 2070 675 2113; x_wconf 89' lang='lat' dir='ltr'><strong>nec</strong></span> <span class='ocrx_word' id='word_1_83' title='bbox 690 2069 830 2132; x_wconf 90' lang='lat' dir='ltr'><strong>unquam</strong></span> <span class='ocrx_word' id='word_1_84' title='bbox 846 2048 989 2111; x_wconf 88' lang='lat' dir='ltr'><strong>calcasse</strong></span> <span class='ocrx_word' id='word_1_85' title='bbox 1004 2045 1195 2120; x_wconf 87' lang='lat' dir='ltr'><strong>libertatem,</strong></span> <span class='ocrx_word' id='word_1_86' title='bbox 1209 2043 1273 2106; x_wconf 86' lang='lat' dir='ltr'><strong>uisi</strong></span> <span class='ocrx_word' id='word_1_87' title='bbox 1288 2043 1388 2107; x_wconf 89' lang='lat' dir='ltr'><strong>mani-</strong></span> 
     </span>
     <span class='ocr_line' id='line_1_14' title="bbox 437 2146 1389 2222; baseline -0.004 -8"><span class='ocrx_word' id='word_1_88' title='bbox 437 2150 536 2215; x_wconf 81' lang='lat' dir='ltr'><strong>festos</strong></span> <span class='ocrx_word' id='word_1_89' title='bbox 563 2151 689 2214; x_wconf 82' lang='lat' dir='ltr'><strong>virtutis</strong></span> <span class='ocrx_word' id='word_1_90' title='bbox 717 2152 836 2213; x_wconf 85' lang='lat' dir='ltr'><strong>hostes.</strong></span> <span class='ocrx_word' id='word_1_91' title='bbox 882 2149 963 2222; x_wconf 79' lang='lat' dir='ltr'><strong>Quae</strong></span> <span class='ocrx_word' id='word_1_92' title='bbox 992 2147 1098 2211; x_wconf 83' lang='lat' dir='ltr'><strong>favore</strong></span> <span class='ocrx_word' id='word_1_93' title='bbox 1126 2146 1283 2211; x_wconf 76' lang='lat' dir='ltr'><strong>libertatis</strong></span> <span class='ocrx_word' id='word_1_94' title='bbox 1312 2158 1389 2210; x_wconf 84' lang='lat' dir='ltr'><strong>sunt</strong></span> 
     </span>
     <span class='ocr_line' id='line_1_15' title="bbox 437 2247 1388 2333; baseline -0.005 -18"><span class='ocrx_word' id='word_1_95' title='bbox 437 2249 630 2330; x_wconf 87' lang='lat' dir='ltr'><strong>introducta,</strong></span> <span class='ocrx_word' id='word_1_96' title='bbox 657 2261 817 2314; x_wconf 76' lang='lat' dir='ltr'><strong>noverunt</strong></span> <span class='ocrx_word' id='word_1_97' title='bbox 847 2248 1037 2333; x_wconf 86' lang='lat' dir='ltr'><strong>jurisperiti,</strong></span> <span class='ocrx_word' id='word_1_98' title='bbox 1067 2258 1099 2310; x_wconf 88' lang='lat' dir='ltr'><strong>et</strong></span> <span class='ocrx_word' id='word_1_99' title='bbox 1122 2268 1195 2331; x_wconf 82' lang='lat' dir='ltr'><strong>quae</strong></span> <span class='ocrx_word' id='word_1_100' title='bbox 1225 2248 1267 2310; x_wconf 93' lang='lat' dir='ltr'><strong>ob</strong></span> <span class='ocrx_word' id='word_1_101' title='bbox 1301 2247 1388 2310; x_wconf 93' lang='lat' dir='ltr'><strong>illius</strong></span> 
     </span>
     <span class='ocr_line' id='line_1_16' title="bbox 437 2349 1387 2434; baseline -0.003 -18"><span class='ocrx_word' id='word_1_102' title='bbox 437 2373 576 2416; x_wconf 88' lang='lat' dir='ltr'><strong>amorem</strong></span> <span class='ocrx_word' id='word_1_103' title='bbox 593 2351 763 2434; x_wconf 84' lang='lat' dir='ltr'><strong>magnifice</strong></span> <span class='ocrx_word' id='word_1_104' title='bbox 779 2362 868 2433; x_wconf 86' lang='lat' dir='ltr'><strong>gesta</strong></span> <span class='ocrx_word' id='word_1_105' title='bbox 879 2360 964 2426; x_wconf 90' lang='lat' dir='ltr'><strong>sunt,</strong></span> <span class='ocrx_word' id='word_1_106' title='bbox 975 2349 1197 2412; x_wconf 90' lang='lat' dir='ltr'><strong>historicorum</strong></span> <span class='ocrx_word' id='word_1_107' title='bbox 1208 2350 1387 2413; x_wconf 88' lang='lat' dir='ltr'><strong>testimonio</strong></span> 
     </span>
     <span class='ocr_line' id='line_1_17' title="bbox 437 2447 1387 2538; baseline -0.002 -22"><span class='ocrx_word' id='word_1_108' title='bbox 437 2454 620 2538; x_wconf 81' lang='lat' dir='ltr'><strong>percelebre</strong></span> <span class='ocrx_word' id='word_1_109' title='bbox 632 2464 690 2517; x_wconf 82' lang='lat' dir='ltr'><strong>est.</strong></span> <span class='ocrx_word' id='word_1_110' title='bbox 727 2452 810 2517; x_wconf 87' lang='lat' dir='ltr'><strong>Cato</strong></span> <span class='ocrx_word' id='word_1_111' title='bbox 822 2472 979 2514; x_wconf 85' lang='lat' dir='ltr'><strong>venenum</strong></span> <span class='ocrx_word' id='word_1_112' title='bbox 995 2447 1088 2525; x_wconf 91' lang='lat' dir='ltr'><strong>bibit,</strong></span> <span class='ocrx_word' id='word_1_113' title='bbox 1100 2450 1214 2513; x_wconf 85' lang='lat' dir='ltr'><strong>ascivit</strong></span> <span class='ocrx_word' id='word_1_114' title='bbox 1227 2450 1368 2532; x_wconf 90' lang='lat' dir='ltr'><strong>gladium</strong></span> <span class='ocrx_word' id='word_1_115' title='bbox 1379 2474 1387 2514; x_wconf 86' lang='lat' dir='ltr'><strong>r</strong></span> 
     </span>
     <span class='ocr_line' id='line_1_18' title="bbox 437 2549 1391 2639; baseline -0.004 -21"><span class='ocrx_word' id='word_1_116' title='bbox 437 2565 469 2618; x_wconf 86' lang='lat' dir='ltr'><strong>at</strong></span> <span class='ocrx_word' id='word_1_117' title='bbox 485 2576 527 2619; x_wconf 91' lang='lat' dir='ltr'><strong>ne</strong></span> <span class='ocrx_word' id='word_1_118' title='bbox 550 2576 616 2639; x_wconf 88' lang='lat' dir='ltr'><strong>qua</strong></span> <span class='ocrx_word' id='word_1_119' title='bbox 638 2575 726 2618; x_wconf 89' lang='lat' dir='ltr'><strong>mora</strong></span> <span class='ocrx_word' id='word_1_120' title='bbox 740 2552 947 2637; x_wconf 83' lang='lat' dir='ltr'><strong>protenderet</strong></span> <span class='ocrx_word' id='word_1_121' title='bbox 960 2551 1058 2614; x_wconf 84' lang='lat' dir='ltr'><strong>vitam</strong></span> <span class='ocrx_word' id='word_1_122' title='bbox 1073 2549 1259 2632; x_wconf 87' lang='lat' dir='ltr'><strong>ignobilem,</strong></span> <span class='ocrx_word' id='word_1_123' title='bbox 1272 2551 1391 2635; x_wconf 85' lang='lat' dir='ltr'><strong>injecta</strong></span> 
     </span>
     <span class='ocr_line' id='line_1_19' title="bbox 438 2636 1390 2735; baseline -0.005 -16"><span class='ocrx_word' id='word_1_124' title='bbox 438 2677 534 2720; x_wconf 84' lang='lat' dir='ltr'><strong>manu</strong></span> <span class='ocrx_word' id='word_1_125' title='bbox 549 2656 693 2720; x_wconf 85' lang='lat' dir='ltr'><strong>dilatavit</strong></span> <span class='ocrx_word' id='word_1_126' title='bbox 708 2657 834 2732; x_wconf 87' lang='lat' dir='ltr'><strong>vulnus,</strong></span> <span class='ocrx_word' id='word_1_127' title='bbox 849 2652 1039 2735; x_wconf 88' lang='lat' dir='ltr'><strong>sanguinem</strong></span> <span class='ocrx_word' id='word_1_128' title='bbox 1061 2636 1250 2732; x_wconf 83' lang='lat' dir='ltr'><strong>generosum</strong></span> <span class='ocrx_word' id='word_1_129' title='bbox 1266 2651 1390 2730; x_wconf 84' lang='lat' dir='ltr'><strong>effudit,</strong></span> 
     </span>
     <span class='ocr_line' id='line_1_20' title="bbox 439 2740 1391 2840; baseline -0.003 -19"><span class='ocrx_word' id='word_1_130' title='bbox 439 2778 478 2821; x_wconf 86' lang='lat' dir='ltr'><strong>ne</strong></span> <span class='ocrx_word' id='word_1_131' title='bbox 493 2769 681 2840; x_wconf 77' lang='lat' dir='ltr'><strong>regnantem</strong></span> <span class='ocrx_word' id='word_1_132' title='bbox 697 2757 821 2820; x_wconf 85' lang='lat' dir='ltr'><strong>videret</strong></span> <span class='ocrx_word' id='word_1_133' title='bbox 836 2756 1007 2820; x_wconf 75' lang='lat' dir='ltr'><strong>Caesarem.</strong></span> <span class='ocrx_word' id='word_1_134' title='bbox 1054 2753 1175 2815; x_wconf 87' lang='lat' dir='ltr'><strong>Brutus</strong></span> <span class='ocrx_word' id='word_1_135' title='bbox 1189 2740 1276 2815; x_wconf 81' lang='lat' dir='ltr'><strong>arma</strong></span> <span class='ocrx_word' id='word_1_136' title='bbox 1290 2754 1391 2818; x_wconf 82' lang='lat' dir='ltr'><strong>morit</strong></span> 
     </span>
     <span class='ocr_line' id='line_1_21' title="bbox 438 2854 1390 2937; baseline -0.004 -15"><span class='ocrx_word' id='word_1_137' title='bbox 438 2859 556 2936; x_wconf 82' lang='lat' dir='ltr'><strong>civilia,</strong></span> <span class='ocrx_word' id='word_1_138' title='bbox 568 2869 607 2922; x_wconf 90' lang='lat' dir='ltr'><strong>ut</strong></span> <span class='ocrx_word' id='word_1_139' title='bbox 627 2860 736 2922; x_wconf 92' lang='lat' dir='ltr'><strong>urbem</strong></span> <span class='ocrx_word' id='word_1_140' title='bbox 759 2859 916 2922; x_wconf 81' lang='lat' dir='ltr'><strong>eximeret</strong></span> <span class='ocrx_word' id='word_1_141' title='bbox 937 2855 1089 2919; x_wconf 86' lang='lat' dir='ltr'><strong>servituti.</strong></span> <span class='ocrx_word' id='word_1_142' title='bbox 1136 2855 1276 2937; x_wconf 89' lang='lat' dir='ltr'><strong>lpsaque</strong></span> <span class='ocrx_word' id='word_1_143' title='bbox 1298 2854 1390 2917; x_wconf 90' lang='lat' dir='ltr'><strong>sedes</strong></span> 
     </span>
     <span class='ocr_line' id='line_1_22' title="bbox 438 2954 1389 3044; baseline -0.005 -20"><span class='ocrx_word' id='word_1_144' title='bbox 438 2959 576 3044; x_wconf 87' lang='lat' dir='ltr'><strong>imperii,</strong></span> <span class='ocrx_word' id='word_1_145' title='bbox 590 2956 760 3024; x_wconf 82' lang='lat' dir='ltr'><strong>miserabili</strong></span> <span class='ocrx_word' id='word_1_146' title='bbox 777 2960 890 3023; x_wconf 88' lang='lat' dir='ltr'><strong>maluit</strong></span> <span class='ocrx_word' id='word_1_147' title='bbox 912 2958 999 3021; x_wconf 93' lang='lat' dir='ltr'><strong>bello</strong></span> <span class='ocrx_word' id='word_1_148' title='bbox 1022 2975 1149 3038; x_wconf 85' lang='lat' dir='ltr'><strong>semper</strong></span> <span class='ocrx_word' id='word_1_149' title='bbox 1170 2954 1279 3038; x_wconf 87' lang='lat' dir='ltr'><strong>affligi,</strong></span> <span class='ocrx_word' id='word_1_150' title='bbox 1294 2976 1389 3041; x_wconf 91' lang='lat' dir='ltr'><strong>quam</strong></span> 
     </span>
     <span class='ocr_line' id='line_1_23' title="bbox 438 3058 1390 3137; baseline -0.004 -11"><span class='ocrx_word' id='word_1_151' title='bbox 438 3060 617 3137; x_wconf 89' lang='lat' dir='ltr'><strong>dominum,</strong></span> <span class='ocrx_word' id='word_1_152' title='bbox 633 3061 711 3126; x_wconf 89' lang='lat' dir='ltr'><strong>licet</strong></span> <span class='ocrx_word' id='word_1_153' title='bbox 732 3061 947 3135; x_wconf 88' lang='lat' dir='ltr'><strong>mitissimum,</strong></span> <span class='ocrx_word' id='word_1_154' title='bbox 970 3059 1136 3121; x_wconf 90' lang='lat' dir='ltr'><strong>sustinere.</strong></span> <span class='ocrx_word' id='word_1_155' title='bbox 1181 3058 1325 3122; x_wconf 87' lang='lat' dir='ltr'><strong>Transeo</strong></span> <span class='ocrx_word' id='word_1_156' title='bbox 1348 3059 1390 3122; x_wconf 90' lang='lat' dir='ltr'><strong>ad</strong></span> 
     </span>
     <span class='ocr_line' id='line_1_24' title="bbox 438 3161 1390 3245; baseline -0.001 -19"><span class='ocrx_word' id='word_1_157' title='bbox 438 3162 643 3227; x_wconf 81' lang='lat' dir='ltr'><strong>infirmiorem</strong></span> <span class='ocrx_word' id='word_1_158' title='bbox 659 3185 784 3228; x_wconf 85' lang='lat' dir='ltr'><strong>sexum.</strong></span> <span class='ocrx_word' id='word_1_159' title='bbox 823 3161 989 3245; x_wconf 89' lang='lat' dir='ltr'><strong>Conjuges</strong></span> <span class='ocrx_word' id='word_1_160' title='bbox 1003 3161 1232 3233; x_wconf 87' lang='lat' dir='ltr'><strong>Teutonorum,</strong></span> <span class='ocrx_word' id='word_1_161' title='bbox 1246 3162 1288 3224; x_wconf 93' lang='lat' dir='ltr'><strong>ob</strong></span> <span class='ocrx_word' id='word_1_162' title='bbox 1303 3182 1390 3225; x_wconf 91' lang='lat' dir='ltr'><strong>amo·</strong></span> 
     </span>
     <span class='ocr_line' id='line_1_25' title="bbox 438 3260 1390 3347; baseline -0.002 -20"><span class='ocrx_word' id='word_1_163' title='bbox 438 3285 503 3327; x_wconf 89' lang='lat' dir='ltr'><strong>rem</strong></span> <span class='ocrx_word' id='word_1_164' title='bbox 530 3261 696 3347; x_wconf 71' lang='lat' dir='ltr'><strong>pudicitiae</strong></span> <span class='ocrx_word' id='word_1_165' title='bbox 719 3274 869 3344; x_wconf 77' lang='lat' dir='ltr'><strong>rogantes</strong></span> <span class='ocrx_word' id='word_1_166' title='bbox 892 3261 1042 3325; x_wconf 88' lang='lat' dir='ltr'><strong>victorem</strong></span> <span class='ocrx_word' id='word_1_167' title='bbox 1069 3260 1219 3336; x_wconf 89' lang='lat' dir='ltr'><strong>Marium,</strong></span> <span class='ocrx_word' id='word_1_168' title='bbox 1242 3272 1278 3323; x_wconf 93' lang='lat' dir='ltr'><strong>ut</strong></span> <span class='ocrx_word' id='word_1_169' title='bbox 1304 3261 1390 3325; x_wconf 91' lang='lat' dir='ltr'><strong>dono</strong></span> 
     </span>
     <span class='ocr_line' id='line_1_26' title="bbox 438 3361 1391 3444; baseline -0.003 -16"><span class='ocrx_word' id='word_1_170' title='bbox 438 3363 638 3428; x_wconf 86' lang='lat' dir='ltr'><strong>mitterentur</strong></span> <span class='ocrx_word' id='word_1_171' title='bbox 652 3365 757 3428; x_wconf 73' lang='lat' dir='ltr'><strong>Vestae</strong></span> <span class='ocrx_word' id='word_1_172' title='bbox 773 3362 958 3443; x_wconf 87' lang='lat' dir='ltr'><strong>virginibus,</strong></span> <span class='ocrx_word' id='word_1_173' title='bbox 975 3380 1008 3423; x_wconf 89' lang='lat' dir='ltr'><strong>se</strong></span> <span class='ocrx_word' id='word_1_174' title='bbox 1024 3379 1152 3443; x_wconf 90' lang='lat' dir='ltr'><strong>quoque</strong></span> <span class='ocrx_word' id='word_1_175' title='bbox 1172 3361 1391 3444; x_wconf 88' lang='lat' dir='ltr'><strong>promittentes</strong></span> 
     </span>
     <span class='ocr_line' id='line_1_27' title="bbox 439 3461 1390 3548; baseline -0.001 -19"><span class='ocrx_word' id='word_1_176' title='bbox 439 3465 633 3529; x_wconf 86' lang='lat' dir='ltr'><strong>concubitus</strong></span> <span class='ocrx_word' id='word_1_177' title='bbox 641 3465 760 3530; x_wconf 89' lang='lat' dir='ltr'><strong>suturas</strong></span> <span class='ocrx_word' id='word_1_178' title='bbox 769 3475 935 3548; x_wconf 65' lang='lat' dir='ltr'><strong>expertem</strong></span> <span class='ocrx_word' id='word_1_179' title='bbox 947 3482 1046 3546; x_wconf 92' lang='lat' dir='ltr'><strong>quum</strong></span> <span class='ocrx_word' id='word_1_180' title='bbox 1057 3461 1187 3526; x_wconf 91' lang='lat' dir='ltr'><strong>minime</strong></span> <span class='ocrx_word' id='word_1_181' title='bbox 1196 3461 1390 3545; x_wconf 78' lang='lat' dir='ltr'><strong>audirentur,</strong></span> 
     </span>
     <span class='ocr_line' id='line_1_28' title="bbox 439 3561 1389 3651; baseline 0 -21"><span class='ocrx_word' id='word_1_182' title='bbox 439 3567 588 3650; x_wconf 83' lang='lat' dir='ltr'><strong>proxima</strong></span> <span class='ocrx_word' id='word_1_183' title='bbox 604 3577 697 3629; x_wconf 86' lang='lat' dir='ltr'><strong>nocte</strong></span> <span class='ocrx_word' id='word_1_184' title='bbox 719 3565 844 3651; x_wconf 87' lang='lat' dir='ltr'><strong>laqueis</strong></span> <span class='ocrx_word' id='word_1_185' title='bbox 866 3564 927 3627; x_wconf 92' lang='lat' dir='ltr'><strong>sibi</strong></span> <span class='ocrx_word' id='word_1_186' title='bbox 943 3562 1088 3646; x_wconf 88' lang='lat' dir='ltr'><strong>spiritum</strong></span> <span class='ocrx_word' id='word_1_187' title='bbox 1104 3561 1288 3647; x_wconf 85' lang='lat' dir='ltr'><strong>eripuerunt</strong></span> <span class='ocrx_word' id='word_1_188' title='bbox 1310 3567 1389 3630; x_wconf 92' lang='lat' dir='ltr'><strong>eliso</strong></span> 
     </span>
     <span class='ocr_line' id='line_1_29' title="bbox 439 3663 1390 3752; baseline 0.002 -22"><span class='ocrx_word' id='word_1_189' title='bbox 439 3676 575 3750; x_wconf 83' lang='lat' dir='ltr'><strong>gutture,</strong></span> <span class='ocrx_word' id='word_1_190' title='bbox 589 3687 629 3729; x_wconf 87' lang='lat' dir='ltr'><strong>ne</strong></span> <span class='ocrx_word' id='word_1_191' title='bbox 644 3668 807 3743; x_wconf 80' lang='lat' dir='ltr'><strong>servirent,</strong></span> <span class='ocrx_word' id='word_1_192' title='bbox 822 3675 878 3729; x_wconf 91' lang='lat' dir='ltr'><strong>aut</strong></span> <span class='ocrx_word' id='word_1_193' title='bbox 894 3664 1059 3749; x_wconf 74' lang='lat' dir='ltr'><strong>pudicitia</strong></span> <span class='ocrx_word' id='word_1_194' title='bbox 1075 3663 1278 3748; x_wconf 91' lang='lat' dir='ltr'><strong>dispendium</strong></span> <span class='ocrx_word' id='word_1_195' title='bbox 1300 3679 1390 3752; x_wconf 89' lang='lat' dir='ltr'><strong>pate·</strong></span> 
     </span>
     <span class='ocr_line' id='line_1_30' title="bbox 440 3766 1390 3855; baseline 0.001 -23"><span class='ocrx_word' id='word_1_196' title='bbox 440 3780 558 3832; x_wconf 85' lang='lat' dir='ltr'><strong>rentur.</strong></span> <span class='ocrx_word' id='word_1_197' title='bbox 599 3767 634 3831; x_wconf 83' lang='lat' dir='ltr'><strong>Si</strong></span> <span class='ocrx_word' id='word_1_198' title='bbox 646 3769 772 3851; x_wconf 85' lang='lat' dir='ltr'><strong>singula</strong></span> <span class='ocrx_word' id='word_1_199' title='bbox 783 3766 968 3850; x_wconf 91' lang='lat' dir='ltr'><strong>hujusmodi</strong></span> <span class='ocrx_word' id='word_1_200' title='bbox 979 3767 1092 3830; x_wconf 80' lang='lat' dir='ltr'><strong>referre</strong></span> <span class='ocrx_word' id='word_1_201' title='bbox 1104 3769 1244 3846; x_wconf 82' lang='lat' dir='ltr'><strong>voluero,</strong></span> <span class='ocrx_word' id='word_1_202' title='bbox 1256 3778 1390 3855; x_wconf 89' lang='lat' dir='ltr'><strong>tempus,</strong></span> 
     </span>
     <span class='ocr_line' id='line_1_31' title="bbox 439 3868 1390 3956; baseline 0.002 -23"><span class='ocrx_word' id='word_1_203' title='bbox 439 3881 609 3954; x_wconf 87' lang='lat' dir='ltr'><strong>autequam</strong></span> <span class='ocrx_word' id='word_1_204' title='bbox 632 3870 794 3954; x_wconf 85' lang='lat' dir='ltr'><strong>exempla,</strong></span> <span class='ocrx_word' id='word_1_205' title='bbox 807 3868 946 3932; x_wconf 85' lang='lat' dir='ltr'><strong>deficiet.</strong></span> <span class='ocrx_word' id='word_1_206' title='bbox 992 3869 1161 3933; x_wconf 86' lang='lat' dir='ltr'><strong>Libertatis</strong></span> <span class='ocrx_word' id='word_1_207' title='bbox 1183 3870 1291 3956; x_wconf 89' lang='lat' dir='ltr'><strong>itaque</strong></span> <span class='ocrx_word' id='word_1_208' title='bbox 1314 3894 1390 3935; x_wconf 81' lang='lat' dir='ltr'><strong>usus</strong></span> 
     </span>
     <span class='ocr_line' id='line_1_32' title="bbox 439 3967 1390 4056; baseline 0.003 -23"><span class='ocrx_word' id='word_1_209' title='bbox 439 3969 578 4034; x_wconf 82' lang='lat' dir='ltr'><strong>eximius</strong></span> <span class='ocrx_word' id='word_1_210' title='bbox 600 3985 658 4049; x_wconf 85' lang='lat' dir='ltr'><strong>est,</strong></span> <span class='ocrx_word' id='word_1_211' title='bbox 672 3972 766 4056; x_wconf 89' lang='lat' dir='ltr'><strong>eique</strong></span> <span class='ocrx_word' id='word_1_212' title='bbox 789 3971 848 4034; x_wconf 92' lang='lat' dir='ltr'><strong>soli</strong></span> <span class='ocrx_word' id='word_1_213' title='bbox 872 3967 1032 4054; x_wconf 87' lang='lat' dir='ltr'><strong>displicet,</strong></span> <span class='ocrx_word' id='word_1_214' title='bbox 1051 3971 1106 4054; x_wconf 92' lang='lat' dir='ltr'><strong>qui</strong></span> <span class='ocrx_word' id='word_1_215' title='bbox 1129 3973 1272 4035; x_wconf 88' lang='lat' dir='ltr'><strong>moribus</strong></span> <span class='ocrx_word' id='word_1_216' title='bbox 1293 3975 1390 4036; x_wconf 88' lang='lat' dir='ltr'><strong>servi-</strong></span> 
     </span>
     <span class='ocr_line' id='line_1_33' title="bbox 439 4071 1391 4149; baseline 0.002 -15"><span class='ocrx_word' id='word_1_217' title='bbox 439 4073 524 4136; x_wconf 87' lang='lat' dir='ltr'><strong>libus</strong></span> <span class='ocrx_word' id='word_1_218' title='bbox 553 4074 639 4136; x_wconf 85' lang='lat' dir='ltr'><strong>vivit.</strong></span> <span class='ocrx_word' id='word_1_219' title='bbox 684 4075 765 4145; x_wconf 68' lang='lat' dir='ltr'><strong>Quae</strong></span> <span class='ocrx_word' id='word_1_220' title='bbox 794 4074 894 4136; x_wconf 89' lang='lat' dir='ltr'><strong>libere</strong></span> <span class='ocrx_word' id='word_1_221' title='bbox 924 4071 1074 4136; x_wconf 90' lang='lat' dir='ltr'><strong>dicuutur</strong></span> <span class='ocrx_word' id='word_1_222' title='bbox 1102 4083 1158 4136; x_wconf 92' lang='lat' dir='ltr'><strong>aut</strong></span> <span class='ocrx_word' id='word_1_223' title='bbox 1186 4073 1277 4149; x_wconf 87' lang='lat' dir='ltr'><strong>fiunt,</strong></span> <span class='ocrx_word' id='word_1_224' title='bbox 1306 4075 1391 4136; x_wconf 88' lang='lat' dir='ltr'><strong>sicut</strong></span> 
     </span>
     <span class='ocr_line' id='line_1_34' title="bbox 441 4174 1390 4257; baseline 0.001 -21"><span class='ocrx_word' id='word_1_225' title='bbox 441 4175 571 4252; x_wconf 83' lang='lat' dir='ltr'><strong>timoris,</strong></span> <span class='ocrx_word' id='word_1_226' title='bbox 586 4175 677 4238; x_wconf 85' lang='lat' dir='ltr'><strong>itaet</strong></span> <span class='ocrx_word' id='word_1_227' title='bbox 698 4174 883 4238; x_wconf 85' lang='lat' dir='ltr'><strong>temeritatis</strong></span> <span class='ocrx_word' id='word_1_228' title='bbox 899 4174 1044 4257; x_wconf 85' lang='lat' dir='ltr'><strong>expertia</strong></span> <span class='ocrx_word' id='word_1_229' title='bbox 1058 4185 1142 4243; x_wconf 80' lang='lat' dir='ltr'><strong>sunt.</strong></span> <span class='ocrx_word' id='word_1_230' title='bbox 1158 4188 1191 4236; x_wconf 88' lang='lat' dir='ltr'><strong>et</strong></span> <span class='ocrx_word' id='word_1_231' title='bbox 1206 4174 1281 4237; x_wconf 89' lang='lat' dir='ltr'><strong>dum</strong></span> <span class='ocrx_word' id='word_1_232' title='bbox 1304 4185 1390 4237; x_wconf 88' lang='lat' dir='ltr'><strong>recta</strong></span> 
     </span>
     <span class='ocr_line' id='line_1_35' title="bbox 441 4274 1389 4355; baseline 0 -20"><span class='ocrx_word' id='word_1_233' title='bbox 441 4276 489 4339; x_wconf 84' lang='lat' dir='ltr'><strong>ria</strong></span> <span class='ocrx_word' id='word_1_234' title='bbox 503 4275 674 4353; x_wconf 89' lang='lat' dir='ltr'><strong>inceditur,</strong></span> <span class='ocrx_word' id='word_1_235' title='bbox 685 4276 814 4340; x_wconf 88' lang='lat' dir='ltr'><strong>laudem</strong></span> <span class='ocrx_word' id='word_1_236' title='bbox 831 4287 990 4339; x_wconf 87' lang='lat' dir='ltr'><strong>merentur</strong></span> <span class='ocrx_word' id='word_1_237' title='bbox 1005 4286 1038 4337; x_wconf 89' lang='lat' dir='ltr'><strong>et</strong></span> <span class='ocrx_word' id='word_1_238' title='bbox 1052 4274 1194 4354; x_wconf 83' lang='lat' dir='ltr'><strong>gratiam.</strong></span> <span class='ocrx_word' id='word_1_239' title='bbox 1233 4276 1275 4336; x_wconf 88' lang='lat' dir='ltr'><strong>At</strong></span> <span class='ocrx_word' id='word_1_240' title='bbox 1290 4294 1389 4355; x_wconf 89' lang='lat' dir='ltr'><strong>quunr</strong></span> 
     </span>
     <span class='ocr_line' id='line_1_36' title="bbox 440 4374 1391 4462; baseline 0.001 -24"><span class='ocrx_word' id='word_1_241' title='bbox 440 4380 498 4442; x_wconf 86' lang='lat' dir='ltr'><strong>sub</strong></span> <span class='ocrx_word' id='word_1_242' title='bbox 518 4378 661 4462; x_wconf 87' lang='lat' dir='ltr'><strong>imagine</strong></span> <span class='ocrx_word' id='word_1_243' title='bbox 675 4378 841 4455; x_wconf 86' lang='lat' dir='ltr'><strong>libertatis,</strong></span> <span class='ocrx_word' id='word_1_244' title='bbox 856 4375 1018 4440; x_wconf 88' lang='lat' dir='ltr'><strong>temeritas</strong></span> <span class='ocrx_word' id='word_1_245' title='bbox 1033 4375 1164 4458; x_wconf 83' lang='lat' dir='ltr'><strong>spiritus</strong></span> <span class='ocrx_word' id='word_1_246' title='bbox 1179 4374 1227 4437; x_wconf 88' lang='lat' dir='ltr'><strong>sui</strong></span> <span class='ocrx_word' id='word_1_247' title='bbox 1250 4374 1391 4456; x_wconf 84' lang='lat' dir='ltr'><strong>profudit</strong></span> 
     </span>
     <span class='ocr_line' id='line_1_37' title="bbox 480 4493 926 4545; baseline -0.018 0"><span class='ocrx_word' id='word_1_248' title='bbox 480 4497 552 4545; x_wconf 72' lang='lat' dir='ltr'><strong>VOL.</strong></span> <span class='ocrx_word' id='word_1_249' title='bbox 569 4495 614 4544; x_wconf 79' lang='lat' dir='ltr'><strong>IV.</strong></span> <span class='ocrx_word' id='word_1_250' title='bbox 905 4493 926 4537; x_wconf 91' lang='grc'><strong>0</strong></span> 
     </span>
    </p>
   </div>
   <div class='ocr_carea' id='block_1_4' title="bbox 0 0 1792 5467">
    <p class='ocr_par' dir='ltr' id='par_1_4' title="bbox 0 0 1792 5467">
     <span class='ocr_line' id='line_1_38' title="bbox 0 0 1792 5467; baseline 0 0"><span class='ocrx_word' id='word_1_251' title='bbox 0 0 1792 5467; x_wconf 95' lang='lat' dir='ltr'><strong> </strong></span> 
     </span>
    </p>
   </div>
  </div>
 </body>
</html>
