3550 5467
431 675 496 734 sos
691 682 827 729 :omis
843 680 1122 726 ssusnrmnxsrs
1212 663 1297 757 [nm.
1310 681 1379 727 vm.

434 838 543 916 (nemo
553 837 636 899 enim
650 833 738 921 quod
749 832 832 896 mnle
844 830 936 905 libet,
946 844 1053 916 potest
1064 831 1228 915 sapienter
1241 829 1379 916 implere)

433 935 494 998 hoc
523 957 580 1019 per
607 938 669 999 ists
699 931 874 1015 Babylonis
901 927 1024 1024 fluenta
1051 929 1161 993 nullus
1191 930 1380 1015 meqnitm.

434 1033 512 1097 Illos
522 1056 650 1119 qnoque
660 1033 894 1116 Epicureorum
910 1031 1036 1093 nomine
1046 1030 1221 1094 censendos
1236 1032 1380 1111 arbitror,

430 1135 488 1220 qui
518 1156 609 1196 sunm
634 1136 748 1196 volunt
774 1136 809 1197 in
837 1131 989 1195 omnibu·
1015 1131 1148 1216 implere
1174 1136 1378 1196 voluntatem.

431 1237 514 1299 Nam
531 1257 630 1319 quum
647 1255 697 1297 res
710 1233 838 1298 libidini
849 1235 1004 1311 serviunt,
1013 1233 1046 1295 in
1058 1232 1260 1318 voluptatem
1271 1236 1376 1297 transit

428 1333 570 1399 effectus.
616 1336 649 1398 Si
664 1335 798 1398 affectus
816 1335 946 1399 &cetui
965 1357 1028 1398 non
1050 1348 1173 1419 pareat,
1195 1358 1264 1420 qno
1283 1336 1377 1419 magis

432 1437 491 1514 ris,
507 1437 667 1521 torqueris
686 1437 798 1521 magis,
813 1438 840 1500 si
860 1450 965 1500 umen
980 1439 1022 1500 sit
1040 1435 1141 1499 libido
1155 1437 1188 1498 iu
1205 1436 1376 1501 voluntate.

429 1538 582 1624 Alioquin
602 1538 763 1602 interdum
785 1537 865 1601 velle
884 1537 972 1623 quod
995 1560 1057 1600 non
1079 1551 1183 1623 potes,
1200 1538 1376 1624 jucundum

428 1653 478 1703 est
492 1654 525 1703 et
538 1639 754 1715 fructuosum,
770 1640 795 1702 si
815 1639 900 1702 forte
921 1639 1042 1701 erudas
1055 1651 1088 1702 et
1103 1639 1193 1702 sitias
1207 1640 1376 1724 justitiam,

428 1737 624 1802 laboriosum
639 1753 756 1803 tumen.
797 1738 944 1801 Mundus
958 1738 1067 1823 itaque
1082 1739 1253 1823 Epicureis
1267 1739 1377 1823 plenus

428 1853 489 1917 est,
513 1863 552 1903 eo
575 1841 664 1925 quod
687 1842 720 1903 in
747 1853 837 1903 tants
858 1837 1067 1900 multitudine
1090 1838 1268 1918 hominum,
1286 1840 1374 1924 pauci

425 2043 554 2127 luptati,
564 2042 619 2105 sed
636 2042 801 2105 laboriose
816 2037 989 2103 voluntatis
999 2039 1134 2104 nexibus
1145 2062 1208 2104 non
1220 2041 1373 2126 impliciti,

424 2155 481 2206 sut
498 2142 590 2216 nulli,
603 2157 660 2205 ant
677 2142 841 2227 pauciores
855 2154 941 2204 sunt.
986 2143 1036 2203 De
1051 2139 1119 2204 loon
1134 2141 1309 2229 voluptatis
1323 2168 1374 2208 ex·

423 2241 532 2305 clusus
546 2255 596 2306 est
611 2241 763 2319 homo‚er
777 2266 842 2326 qno
857 2241 959 2304 libido
970 2241 1149 2327 praevnluit,
1164 2245 1300 2330 eoquod
1312 2246 1372 2310 ritu

419 2343 564 2428 jucunda
578 2356 610 2406 et
626 2342 799 2425 tranquilla
818 2343 883 2405 frui
906 2365 970 2407 non
994 2357 1108 2426 potest,
1125 2346 1176 2408 cui
1192 2350 1324 2430 coeperit
1338 2346 1372 2410 li·

423 2444 501 2510 bido
514 2444 680 2509 dominari.
719 2444 839 2509 Maluit
849 2445 953 2508 facere
963 2446 1050 2530 quod
1063 2446 1169 2525 libuit,
1178 2472 1274 2535 quum
1288 2450 1371 2535 quod

417 2547 527 2633 jussus
540 2559 601 2621 est,
623 2561 655 2610 et
675 2547 838 2631 projectus
858 2547 890 2609 in
912 2547 1015 2609 locum
1034 2547 1180 2622 miserie,
1200 2548 1232 2611 in
1260 2563 1368 2613 terram

421 2646 538 2711 loboris
552 2648 667 2711 missus
688 2658 747 2721 est,
763 2658 799 2709 ut
814 2647 853 2721 ei,
865 2659 897 2709 et
912 2645 1022 2709 semini
1038 2669 1107 2723 suo,
1123 2660 1209 2711 terra
1222 2652 1325 2733 spinas
1338 2663 1367 2712 et

422 2747 557 2813 tribulos
578 2748 745 2831 germinet,
768 2747 855 2810 etin
885 2746 1001 2809 sudore
1023 2746 1134 2813 vultus
1156 2750 1206 2813 sui
1228 2751 1367 2814 comedat

420 2869 534 2933 panem
551 2868 658 2925 sunm,
678 2847 783 2933 quiin
804 2846 996 2911 rectitudine
1018 2849 1193 2914 voluntatis
1211 2852 1367 2930 obediens,

420 2947 486 3010 sine
501 2946 690 3012 difficultate
709 2962 741 3012 et
764 2948 872 3013 labore
893 2949 1016 3035 plenam
1038 2964 1164 3036 poterat
1186 2952 1303 3017 habere
1318 2977 1366 3016 vo-

417 3045 585 3134 luptatem.
631 3048 795 3132 Siquidem
815 3050 855 3112 sd
877 3051 1092 3115 necessitatem
1115 3064 1148 3115 et
1163 3053 1368 3140 voluptatem,

417 3164 531 3235 paratu
541 3150 702 3213 invenerat
713 3151 828 3214 omnin.
853 3151 1244 3226 Vultusnutem‚sicuthis
1256 3155 1367 3241 placet,

416 3250 474 3335 qui
488 3251 646 3315 curiosius
668 3264 851 3315 scrutantur
873 3253 1042 3317 verborum
1062 3253 1230 3338 originem,
1251 3257 1368 3323 dicitur

415 3372 436 3414 ι
444 3351 599 3430 volend03
620 3363 652 3414 et
666 3350 766 3415 sudor
776 3353 857 3437 ejus,
869 3352 1020 3431 laborem,
1032 3367 1064 3418 et
1074 3358 1239 3440 angustias
1248 3359 1366 3423 indicat

414 3470 573 3538 corrupte
598 3452 782 3538 voluptatis.
830 3452 863 3516 Si
893 3477 970 3540 ergo
990 3454 1126 3520 sudatur
1150 3458 1183 3520 in
1209 3482 1258 3537 eo,
1279 3460 1366 3545 qnod

413 3551 579 3614 confirmat
594 3576 649 3615 cor
663 3554 810 3629 hominis,
833 3568 864 3618 et
879 3557 975 3619 etiam
990 3556 1023 3619 in
1039 3557 1193 3621 sumendo
1206 3561 1295 3646 quod
1311 3561 1364 3627 lae·

413 3648 524 3726 tificat,
538 3650 619 3732 quid
633 3666 691 3727 est,
705 3651 793 3735 quod
809 3654 875 3718 sine
896 3654 1003 3719 labore
1018 3656 1077 3721 sibi
1093 3670 1209 3722 natura
1223 3662 1363 3727 mortalis

411 3747 519 3811 credat
541 3746 731 3812 indultum?
754 3756 867 3816 Anima
892 3755 951 3819 sibi
975 3754 1098 3822 dictum
1120 3760 1245 3838 recolit,
1275 3762 1359 3849 quod

410 3849 504 3914 matri
524 3849 664 3913 omnium
687 3866 831 3917 nostrum
853 3860 1022 3942 peccatrici
1043 3863 1199 3926 sententia
1213 3863 1358 3927 creatoris

409 3951 547 4016 intorsit.
582 3952 671 4016 Parit
685 3954 802 4037 ergoin
816 3954 925 4022 dolore
935 3958 1016 4023 filios
1030 3961 1198 4040 virtutum,
1210 3987 1283 4048 quae
1295 3987 1357 4028 nne

408 4051 516 4116 labore
527 4052 610 4138 parit
627 4054 763 4119 sobolem
785 4056 948 4125 vitiorum.
993 4062 1119 4127 Natura
1134 4086 1273 4152 namque
1288 4088 1358 4151 pec·

407 4152 511 4216 cstrix
527 4153 568 4217 nd
580 4155 699 4221 malum
712 4180 810 4243 prona
818 4173 878 4236 est,
891 4175 922 4225 et
935 4177 1086 4250 corrupta
1096 4165 1138 4228 ab
1149 4164 1359 4232 adolescentia

408 4271 475 4327 rna,
485 4276 559 4338 quae
571 4268 650 4320 etas
664 4257 779 4342 origini
791 4261 961 4344 vicinatur,
973 4277 1008 4329 nt
1025 4264 1090 4329 sine
1105 4265 1213 4332 labore
1229 4282 1261 4333 et
1276 4267 1359 4333 diffi-
