3550 5467
412 775 479 820 cer.
494 756 589 837 run]
754 774 1011 822 mercnsrrcus.
1309 766 1369 824 107

406 928 527 1001 nixam,
560 923 687 988 dicente
721 925 901 1010 Propheta:
938 925 1131 1010 Concupivit
1162 926 1267 991 anima
1297 950 1368 992 mes

406 1027 588 1093 desiderare
605 1026 852 1112 justificationes
872 1040 943 1092 tuas
962 1026 994 1092 in
1018 1031 1105 1093 omni
1127 1043 1278 1114 tempore.
1325 1031 1365 1092 Iu

406 1150 472 1214 quo
494 1128 575 1192 mihi
599 1137 662 1190 tres
684 1127 864 1213 premissos
888 1127 1018 1193 ordines
1043 1128 1210 1194 manifeste
1236 1129 1368 1194 videtur

405 1229 609 1315 expressisse.
654 1226 766 1302 Quum
785 1228 868 1293 enim
893 1228 984 1294 Plato
1003 1230 1176 1314 sapientem
1192 1231 1278 1296 dicat
1298 1255 1366 1298 esse

404 1331 560 1397 cultorem
578 1331 652 1408 Dei,
667 1334 741 1417 quis
762 1330 845 1394 alius
865 1330 1032 1396 habendus
1052 1346 1100 1398 est
1116 1334 1250 1419 sapiens,
1266 1357 1364 1420 quam

406 1432 470 1515 ille,
485 1432 545 1519 qui
558 1446 704 1497 moratur
722 1432 754 1495 in
772 1432 1058 1518 justificationibus
1075 1435 1217 1509 Domini,
1234 1450 1266 1499 et
1282 1436 1364 1499 mul·

405 1547 499 1599 cente
513 1557 547 1598 se
561 1534 753 1599 couscientia
769 1535 936 1611 bonorum,
950 1558 1095 1620 operum,
1107 1559 1191 1600 verre
1205 1537 1366 1602 felicitatis

406 1657 565 1722 saporem,
595 1649 664 1701 tots
699 1635 813 1699 mentis
842 1636 996 1702 aviditate
1022 1639 1089 1722 jam
1121 1648 1296 1722 praegnstnt
1332 1651 1365 1705 et

404 1736 527 1801 sentit?
552 1734 770 1800 Procnldubio
785 1758 987 1822 nequaquam
1003 1734 1091 1800 illius
1104 1759 1218 1821 expers
1237 1750 1297 1813 est,
1312 1737 1364 1802 cni

407 1839 520 1922 sguits
528 1837 695 1902 beatitudo
706 1835 875 1911 dulcescit3
897 1850 929 1901 et
941 1836 969 1899 ei
979 1836 1200 1922 expetibilium
1216 1837 1365 1902 cumulus

406 1937 512 2014 adest,
535 1938 591 2022 qui
614 1937 647 2001 in
670 1937 737 2002 vite
758 1950 877 2020 gustat,
900 1951 932 2002 et
956 1938 1044 2004 videt
1066 1960 1161 2022 quom
1185 1939 1291 2004 suavis
1316 1953 1365 2004 est

409 2039 580 2105 Dominus.
630 2037 847 2124 Philosophus
868 2052 986 2113 sutem,
1009 2039 1103 2122 cujus
1127 2040 1264 2105 intentio
1285 2041 1366 2105 diri·

408 2142 499 2226 gitur
519 2139 608 2218 illuc,
629 2150 666 2205 ut
685 2139 800 2225 sapiet,
813 2140 923 2204 eodem
945 2154 1075 2205 anctore
1095 2156 1218 2206 smator
1233 2143 1295 2207 Dei
1315 2158 1363 2208 est

406 2254 439 2309 et
454 2243 531 2307 sitin
545 2242 707 2325 subigens,
722 2241 818 2307 rebus
832 2242 1039 2326 agnoscendis
1054 2243 1193 2330 applicat
1209 2246 1362 2321 animum,

406 2358 445 2408 ut
460 2344 513 2408 his
526 2343 645 2427 agnitis
658 2342 699 2406 ad
717 2365 821 2405 veram
839 2343 1069 2408 beatitudinem
1086 2345 1185 2431 possit
1200 2347 1360 2412 accedere.

408 2446 493 2508 Haec
514 2444 598 2508 euim
621 2443 778 2508 homiuem
802 2444 930 2507 beatum
954 2445 1087 2520 faciunt,
1108 2446 1134 2509 si
1156 2459 1189 2510 et
1211 2447 1362 2512 vitiorum

408 2546 576 2610 solventur
590 2545 729 2621 vincula,
744 2557 777 2608 et
792 2545 882 2628 quasi
902 2545 1096 2631 quibusdam
1113 2546 1269 2630 gradibus
1288 2569 1363 2611 con-

410 2645 639 2732 templationis,
662 2645 801 2711 lucidum
825 2659 857 2710 et
883 2646 1113 2710 indeficientem
1140 2648 1260 2711 fontem
1287 2648 1363 2713 boni

408 2749 505 2813 detur
519 2747 664 2812 invisere.
709 2747 792 2810 Nam

514 2871 594 2926 Felix
605 2873 650 2942 qui
662 2872 745 2944 potuit
756 2889 841 2924 rerum
852 2887 1008 2939 cognoscere
1019 2886 1120 2922 causas.

410 2987 468 3065 ln,
484 2998 521 3049 ut
535 2985 581 3049 ait
595 2986 705 3063 Poeta,
719 2983 821 3061 (nobis
836 2981 918 3045 enim
937 2981 1151 3066 undecunque
1166 2980 1364 3067 proveniant,

410 3086 535 3173 placent
550 3084 753 3149 incitamenta
768 3083 938 3164 virtutum)

514 3208 617 3262 Felices
627 3209 732 3270 enimse,
745 3205 839 3276 quibus
850 3205 900 3256 hos
911 3221 1065 3269 cognoscere
1076 3207 1196 3275 primum,

584 3293 669 3363 Inque
680 3295 769 3346 domos
780 3308 888 3362 superas
899 3290 1023 3343 scandere
1035 3307 1096 3343 curs
1106 3289 1165 3344 fuit.

514 3378 648 3431 Credibile
659 3385 701 3430 est
711 3376 769 3428 illos
781 3376 878 3446 pariter
889 3374 1010 3442 vitiisque
1017 3374 1135 3445 jocisque

584 3463 673 3516 Altius
683 3465 804 3517 humanis
816 3461 949 3514 exeruisse
961 3466 1047 3532 caput.

510 3549 578 3602 'Nou
589 3549 682 3602 Venus
694 3555 721 3601 et
732 3550 818 3601 riuum
830 3546 950 3600 sublimis
961 3552 1066 3617 pectora
1076 3545 1166 3615 fregit,

585 3634 761 3703 officiumque
771 3633 830 3697 fori,
840 3633 972 3684 militioere
982 3631 1064 3683 labor.

513 3721 576 3774 Non
587 3721 653 3773 levis
663 3721 781 3784 ambitio,
792 3718 948 3790 perfusaque
958 3715 1041 3784 glorio
1051 3715 1118 3781 meo,

584 3805 793 3873 Msguammque
803 3803 886 3856 fomes
899 3801 1045 3854 sollicitavit
1056 3819 1142 3873 opum.

514 3892 663 3944 Admovere
674 3888 754 3942 oculis
765 3890 890 3941 distantis
901 3889 986 3941 sidera
997 3889 1101 3951 nostris,

476 4029 481 4032 .
587 3975 749 4044 AEtheraque
761 3975 866 4042 iugenio
877 3989 1035 4044 supposuere
1046 3989 1101 4024 suo.

516 4061 560 4112 Sic
571 4061 668 4130 petitor
680 4058 783 4122 eoelum,
794 4076 846 4110 uon
857 4064 887 4110 ut
898 4057 966 4109 ferat
977 4057 1062 4109 Ossan
1077 4055 1214 4129 Olympus,

588 4145 745 4214 Summaque
758 4143 877 4196 Peliseus
890 4142 976 4194 sidera
985 4146 1077 4209 tangst
1088 4159 1168 4213 apex.

412 4257 546 4323 Nullum
561 4268 665 4319 tamen
681 4254 816 4319 officinm
831 4268 879 4318 est
891 4253 1013 4318 militiae
1024 4266 1079 4317 eut
1090 4252 1189 4327 domi,
1199 4251 1286 4336 quod
1301 4273 1363 4314 non

412 4354 620 4442 Philosophia
630 4366 812 4441 pertractet,
823 4353 943 4439 quippe
955 4375 1029 4435 quae
1042 4350 1107 4415 sola
1118 4349 1260 4413 excludit
1274 4349 1364 4426 vitis,
