3550 5467
531 748 594 807 374
770 759 907 806 romnis
922 758 1202 804 sanasnamausrs
1320 741 1403 820 [ua.
1418 760 1483 805 vm.

534 913 619 977 calce
637 912 721 989 libri,
734 912 825 997 quasi
849 912 879 974 in
905 910 967 973 fine
991 911 1061 987 viae,
1083 910 1222 973 conabor
1245 912 1382 996 aperire.
1428 912 1484 974 Est

535 1029 639 1078 autem
656 1012 757 1075 ardua
771 1026 803 1076 et
821 1024 919 1087 arcta,
935 1011 1031 1095 plana
1046 1025 1149 1076 tamen
1171 1027 1203 1074 et
1221 1027 1310 1076 recta
1330 1013 1485 1098 diligenti·

534 1115 592 1179 bus
610 1116 726 1193 Deum,
742 1135 808 1198 quo
823 1112 972 1186 ducente,
988 1112 1130 1192 docente,
1145 1127 1177 1177 et
1198 1114 1410 1189 subvehente,
1427 1136 1484 1176 non

533 1215 666 1280 offendit
680 1215 753 1300 quis
768 1215 809 1277 ad
826 1213 967 1298 lapidem
984 1213 1096 1298 pedem
1111 1237 1216 1278 suum.
1261 1217 1338 1301 Ipse
1355 1237 1485 1300 namque

535 1319 616 1404 lapis
636 1319 830 1395 offensionis,
852 1332 884 1382 et
907 1331 999 1402 petra
1025 1317 1174 1392 scandali,
1197 1316 1384 1401 gradientes
1403 1318 1434 1380 in
1454 1338 1485 1379 se

537 1445 619 1507 quos
633 1421 759 1506 accipit,
774 1419 880 1504 erigit,
896 1432 929 1483 et
948 1418 1143 1495 corroborat,
1159 1433 1196 1483 ut
1217 1417 1380 1484 humiliati
1394 1418 1425 1482 in
1445 1443 1484 1494 se,

537 1525 569 1586 in
586 1547 624 1587 eo
637 1523 820 1607 gloriantes,
836 1522 987 1585 audacter
1002 1535 1032 1585 et
1051 1521 1146 1585 libere
1167 1536 1402 1607 praeconentur,
1417 1528 1487 1609 quia

538 1625 643 1687 omnia
658 1626 690 1689 in
706 1649 743 1688 co
764 1647 944 1710 possumus,
960 1624 1017 1709 qui
1040 1647 1096 1686 nos
1111 1623 1280 1689 confortat.
1322 1626 1381 1688 Via
1396 1624 1486 1707 siqui-

537 1728 609 1790 dem
626 1726 695 1792 hoec
713 1728 815 1790 virtus
830 1739 887 1802 est,
904 1726 1030 1789 duobus
1045 1726 1210 1810 interjecta
1225 1740 1257 1789 et
1272 1741 1397 1791 arctata
1412 1726 1486 1789 limi·

539 1829 635 1907 tibus,
659 1829 838 1914 cognitione
868 1828 997 1906 scilicet,
1022 1841 1053 1891 et
1080 1829 1230 1892 exercitio
1257 1829 1343 1893 boni.
1391 1829 1488 1891 Nosse

539 1953 675 2017 namque
691 1933 821 2007 bonum,
836 1944 868 1994 et
890 1953 952 1993 non
973 1931 1086 2010 facere,
1107 1933 1257 1995 meritum
1278 1931 1487 1995 damnationis

538 2044 597 2110 est,
613 2055 674 2096 non
697 2033 746 2096 via
765 2032 983 2098 beatitudinis.
1031 2032 1137 2108 Unde,
1161 2033 1279 2118 inquis,
1302 2034 1384 2096 hanc
1408 2034 1485 2095 viam

538 2133 708 2216 ingrediar,
724 2135 781 2219 qui
803 2135 836 2196 in
860 2134 948 2196 invio
970 2156 1050 2205 eum,
1068 2147 1099 2197 et
1115 2153 1177 2196 non
1195 2134 1228 2196 in
1245 2133 1319 2196 ria?
1348 2134 1387 2195 ln
1403 2146 1487 2196 tanta

539 2232 690 2295 varietate
716 2233 837 2295 viarum
865 2236 1059 2315 ignotarum,
1086 2234 1206 2297 advena
1232 2248 1263 2298 et
1292 2236 1487 2319 peregrinus,

535 2332 627 2415 cujus
636 2331 719 2394 oculi
729 2329 921 2416 languerunt
933 2353 999 2414 prae
1009 2332 1125 2417 inopia,
1134 2345 1165 2396 et
1175 2332 1314 2417 ferejam
1327 2332 1485 2407 deliciunt,

536 2435 656 2520 quibus
670 2455 738 2498 eam
751 2433 927 2495 discernam
944 2432 1079 2508 indiciis,
1092 2446 1127 2496 ut
1143 2433 1182 2496 ad
1199 2434 1231 2498 id
1250 2434 1487 2521 tranquillitatis

536 2550 567 2602 et
584 2536 694 2621 gaudii
710 2535 904 2622 perveniam,
920 2536 1009 2620 quod
1025 2536 1208 2620 promittis?

643 2656 701 2718 Est,
712 2656 826 2723 inquam,
837 2653 879 2704 ria
891 2651 1008 2704 sublimis
1020 2652 1085 2704 coelo
1097 2653 1237 2707 manifesta
1248 2673 1351 2709 sereno.

642 2741 739 2791 Lactca
750 2756 842 2790 nomen
855 2737 945 2789 habet.
1028 2722 1039 2747 ⁰

538 2848 655 2907 Serena
684 2842 743 2905 tibi
773 2843 901 2914 coelum,
928 2862 966 2903 ne
996 2841 1145 2904 turbetur
1173 2865 1241 2927 prae
1270 2843 1483 2928 indignatione

535 2946 647 3010 oculus
672 2943 786 3007 animae
810 2956 885 3018 tuae,
908 2956 940 3007 et
965 2941 1056 3006 facile
1080 2942 1211 3006 lacteam
1236 2945 1319 3008 banc
1339 2968 1483 3032 agnosces

536 3049 627 3112 viam.
667 3043 750 3108 Redi
766 3044 806 3108 ad
823 3059 865 3121 te,
882 3057 1007 3127 patrum
1025 3044 1150 3129 suspice
1164 3063 1383 3128 monumenta,
1397 3060 1428 3111 et
1443 3048 1482 3111 ibi

535 3153 659 3214 intuere
674 3148 854 3233 diligenter,
867 3147 923 3212 ubi
936 3170 955 3209 a
968 3148 1018 3211 via
1033 3145 1199 3211 deflexeris
1214 3172 1372 3232 gressum,
1385 3164 1416 3214 et
1433 3151 1483 3212 ubi

535 3253 684 3319 cecideris
698 3254 730 3315 in
747 3273 894 3315 errorem.
936 3249 1054 3313 Recolo
1069 3263 1175 3314 autem
1194 3271 1250 3314 uos
1265 3252 1428 3316 aberrasse
1442 3253 1484 3317 ibi

535 3361 684 3445 primum,
701 3355 755 3418 ubi
772 3351 928 3438 impulsus
939 3365 971 3416 et
985 3375 1114 3416 eversus
1128 3365 1176 3416 est
1192 3353 1295 3424 homo.
1310 3369 1347 3419 ut
1362 3356 1484 3418 caderet

534 3457 791 3547 praevaricatione
811 3455 964 3531 mandati,
981 3455 1110 3540 quando
1130 3455 1170 3517 ad
1190 3456 1327 3519 vetitum
1349 3458 1485 3521 scientiae

533 3563 668 3644 lignum,
696 3559 848 3623 suadente
878 3558 1017 3638 diabolo,
1043 3557 1240 3622 temerariam
1268 3572 1301 3623 et
1327 3563 1482 3624 incautam

533 3683 660 3725 manum
688 3660 841 3721 extendit.
891 3661 1019 3724 Abinde
1044 3663 1127 3724 enim
1152 3672 1331 3745 peccatum,
1357 3674 1484 3747 accepta

533 3763 693 3829 occasione
717 3781 774 3845 per
800 3760 998 3840 mandatum,
1025 3760 1153 3826 seduxit
1180 3783 1243 3837 nte,
1267 3774 1299 3825 et
1323 3784 1380 3845 per
1405 3761 1480 3825 illud

532 3864 658 3932 occidit.
705 3865 815 3947 Ipsum
836 3882 974 3946 namque
996 3863 1179 3926 mandatum
1199 3875 1363 3948 operatum
1382 3878 1429 3926 est
1449 3863 1481 3925 in

534 3995 583 4035 me
598 3988 721 4032 omnem
738 3964 1037 4049 concupiscentiam,
1054 3965 1131 4050 quia
1147 3987 1272 4050 semper

639 4083 754 4134 Nitimur
765 4081 791 4130 in
804 4082 922 4143 vetitum,

742 4165 856 4228 -Quud
868 4184 917 4217 nnn
931 4165 1001 4230 licet,
1014 4167 1096 4219 acrius
1109 4168 1168 4218 urit.

532 4278 585 4342 Au
597 4276 737 4338 arborem
749 4271 885 4334 scientia
897 4293 1023 4332 manum
1037 4270 1193 4346 extendit,
1202 4271 1312 4355 gulam
1326 4269 1481 4357 implevit,

529 4395 559 4442 et
587 4390 697 4439 contra
727 4373 914 4456 promissum
942 4371 1061 4435 fallacis
1091 4373 1220 4448 inimici,
1248 4387 1279 4435 et
1307 4373 1481 4437 secundum
