3550 5467
403 752 473 796 car.
490 732 553 812 uc]
757 745 1011 791 eonrcaarrcus.
1298 735 1358 796 109

403 899 481 965 nihil
506 898 625 963 melius
648 910 707 977 est,
728 897 785 959 uisi
808 898 873 962 frui
896 921 945 973 eo,
968 900 1025 983 qui
1049 921 1170 962 summe
1193 899 1306 979 bonus,
1326 914 1358 963 et

403 1022 569 1064 summum
595 999 714 1063 bonum
742 1011 799 1062 est.
846 1003 933 1064 Usus
959 1000 1041 1062 enirn
1069 1000 1195 1065 virtutis
1218 1001 1360 1088 optimus

403 1115 463 1182 est,
474 1116 507 1165 et
521 1100 634 1166 utendi
647 1103 737 1164 Deus
748 1099 815 1186 ipse
827 1113 873 1164 est
886 1100 1022 1165 fructas.
1049 1105 1156 1176 Quum
1171 1125 1244 1165 vero
1258 1103 1359 1166 virtus

404 1202 471 1267 sola
483 1203 615 1267 beatum
632 1200 739 1277 iaciat,
750 1202 789 1264 ad
808 1201 958 1266 thronum
974 1203 1054 1287 ejus,
1067 1218 1171 1267 sumta
1186 1206 1360 1283 occasione,

404 1326 444 1367 ex
459 1303 691 1368 traditionibus
706 1300 883 1366 doctiorum
903 1324 959 1388 per
971 1302 1071 1366 varios
1086 1303 1181 1368 calles
1193 1303 1359 1366 ascendere

406 1409 515 1469 conati
546 1417 631 1468 sunt.
687 1403 813 1466 Stoicus
842 1407 926 1466 enim
962 1417 997 1468 ut
1027 1426 1132 1466 rerum
1164 1417 1358 1468 contemtum

405 1508 532 1579 doceat,
544 1506 576 1569 in
594 1505 704 1569 mortis
719 1505 920 1569 meditatione
937 1518 1093 1570 versatur.
1132 1507 1360 1591 Peripateticus

406 1609 438 1672 in
459 1607 667 1695 inquisitione
687 1607 751 1670 veri
767 1606 949 1671 volutatur:
982 1606 1013 1669 in
1038 1606 1259 1692 voluptatibus
1280 1607 1360 1691 Epi·

407 1733 525 1775 curus:
558 1722 590 1773 et
610 1708 681 1773 licet
703 1709 742 1772 ad
767 1732 866 1772 unum
891 1708 1033 1784 tendant,
1050 1709 1154 1772 varias
1177 1710 1359 1787 sententian,

406 1812 500 1899 quasi
530 1811 598 1876 vias
627 1811 836 1876 beatitudinis
866 1811 1069 1875 auditoribus
1099 1811 1164 1875 suis
1201 1811 1360 1896 aperiunt.

408 1918 460 1979 De
484 1913 600 2000 quibus
621 1912 771 1978 dubitare
795 1928 827 1976 et
851 1935 993 1999 quarere
1020 1912 1153 1977 liberum
1180 1927 1240 1992 est,
1262 1912 1361 1976 donec

407 2037 448 2078 ex
470 2014 637 2078 collatione
661 2015 911 2100 propositorum,
929 2014 1020 2096 quasi
1042 2038 1082 2077 ex
1105 2014 1243 2099 quadam
1267 2015 1361 2077 ratio-

410 2139 488 2180 num
505 2116 678 2193 collisione,
694 2118 809 2180 reritas
831 2116 1001 2181 illucescat.
1048 2117 1109 2180 Sed
1133 2117 1173 2180 de
1196 2117 1244 2180 his
1266 2116 1360 2181 latius

410 2220 441 2283 in
458 2220 668 2305 sequentibus
682 2218 817 2283 dicetur.
864 2220 959 2282 Nunc
974 2220 1109 2283 sufficiat
1127 2221 1310 2296 ostendisse,
1327 2221 1359 2283 in

410 2322 531 2407 quibus
547 2320 758 2384 Academicos
774 2320 957 2386 vacillantes
973 2322 1063 2387 liceat
1080 2323 1207 2389 imitari.

412 2658 492 2743 Cap.
517 2664 547 2722 9.
577 2659 630 2722 De
649 2661 842 2742 orroyantia
870 2661 1093 2722 multitudinis
1117 2663 1298 2742 imperitae:
1331 2669 1362 2724 et

452 2765 594 2843 qualiter
608 2765 741 2844 leyendo
753 2772 834 2826 aunt
847 2785 894 2839 ea,
908 2782 984 2844 qaoe
994 2764 1144 2843 prodesse
1154 2770 1321 2844 poterant,
1333 2772 1363 2827 et

453 2864 577 2927 obesse:
606 2874 637 2927 et
660 2866 745 2946 quod
765 2869 897 2946 ingenio
918 2865 967 2928 vel
988 2868 1138 2928 exercitio
1159 2868 1229 2927 aine
1253 2868 1363 2949 qratia

453 2969 616 3049 acpierrtia
631 2987 697 3029 non
713 2970 883 3050 continyit.

456 3138 562 3203 Paocr
589 3153 694 3202 tamen
725 3153 800 3204 sunt
829 3139 886 3225 qui
912 3137 1163 3201 academicorum
1192 3139 1364 3204 imitatores

412 3261 479 3302 esse
501 3238 685 3323 dignentur,
699 3263 801 3326 quum
819 3240 1042 3325 unusquisque
1059 3260 1117 3322 pro
1131 3238 1227 3304 libitu
1244 3241 1362 3327 potius,

412 3362 508 3426 quam
536 3341 667 3415 ratione,
694 3341 791 3426 eligat
818 3342 904 3426 quod
932 3351 1093 3426 sequatur.
1138 3341 1201 3406 Alii
1226 3366 1364 3430 namque

414 3441 562 3526 propriis,
576 3441 629 3505 alii
651 3442 816 3506 doctorum
842 3443 1056 3528 opinionibus,
1071 3443 1123 3507 alii
1149 3444 1364 3510 multitudinis

402 3543 572 3606 'consortio
585 3543 820 3609 distrahuntur.
866 3545 952 3623 Quid
976 3545 1057 3608 enim
1082 3545 1221 3623 dubitat,
1237 3548 1292 3634 qui
1310 3549 1364 3634 ju-

413 3658 502 3709 ratus
523 3645 554 3708 in
581 3647 677 3711 rerba
702 3647 939 3732 magistriano
964 3647 1056 3733 quid,
1079 3648 1173 3712 seda
1196 3673 1262 3735 quo
1283 3648 1363 3737 quid

413 3745 539 3810 dicatur
564 3748 727 3811 attendit?
758 3747 843 3822 Quid
869 3752 916 3813 vis
941 3748 1022 3811 enirn
1050 3749 1163 3814 elatrat
1188 3755 1313 3829 acriter,
1332 3764 1364 3816 et

413 3871 478 3933 quo
494 3848 618 3912 imbuta
633 3864 682 3912 cst
698 3850 827 3933 puerilis
847 3864 934 3924 aetas,
950 3848 990 3913 de
1013 3850 1131 3915 intimis
1154 3852 1364 3940 philosophias

414 3951 532 4015 abditis
554 3962 682 4016 erutum
705 3966 808 4037 putat.
856 3957 990 4017 Paratus
1016 3967 1048 4017 et
1074 3955 1114 4018 de
1140 3954 1212 4019 lana
1237 3958 1366 4045 caprina

410 4051 615 4133 contendere,
630 4051 761 4118 credens
775 4053 979 4140 inopinabile,
994 4056 1018 4118 si
1045 4056 1123 4142 quid
1139 4058 1284 4140 ignotum
1308 4081 1365 4121 au·

414 4154 503 4219 ribus
525 4155 597 4241 ejus
617 4156 771 4231 insonuit,
789 4178 845 4219 nec
868 4157 1044 4221 rationibus
1066 4157 1247 4243 acquiescit,
1269 4180 1365 4242 quem

415 4253 555 4319 doctoris
569 4255 745 4341 captivavit
756 4257 872 4341 opinio.
920 4258 1081 4343 Quicquid
1094 4259 1177 4322 enim
1193 4257 1245 4321 ille
1256 4270 1367 4342 protu-

415 4355 463 4433 lit,
475 4357 696 4422 autbenticum
709 4370 740 4422 et
753 4374 988 4424 sacrosanctum
1005 4373 1062 4421 est.
1099 4359 1157 4420 Ille
1174 4372 1277 4422 tamen
1293 4381 1367 4421 con·
