3550 5467
417 736 486 780 car.
501 719 564 799 xa]
764 740 1021 786 rourcaarrcus.
1327 729 1368 787 25

414 886 448 949 in
471 910 511 951 ea
533 888 594 954 sibi
616 901 705 975 parte
727 894 857 977 prodest
879 892 1060 975 ignorantia
1075 893 1170 978 juris,
1187 914 1286 978 quum
1306 895 1366 957 etsi

410 987 482 1071 jura
498 992 632 1073 publica
649 990 883 1078 permittantur,
898 1016 990 1058 suum
1013 1007 1119 1059 tamen
1141 995 1281 1059 officium
1301 1018 1366 1058 non

415 1091 511 1155 liceat
526 1094 680 1173 ignorare.
726 1097 821 1159 Licet
840 1097 926 1159 enim
943 1096 1092 1161 sacerdos
1114 1098 1148 1159 in
1164 1095 1365 1160 ordinatione

414 1193 534 1258 ordinis
556 1198 606 1260 sui
629 1197 848 1262 difficultatem
871 1199 1007 1280 ignoret,
1026 1221 1065 1263 eo
1087 1199 1158 1283 ipso
1180 1198 1270 1282 quod
1293 1199 1364 1262 sine

413 1296 664 1362 contradictione
675 1322 809 1363 oneroso
822 1298 967 1364 succedit
978 1301 1095 1378 officie,
1106 1300 1245 1384 suscepti
1259 1312 1365 1362 tamen

413 1397 581 1461 sacerdotii
597 1421 694 1464 onera
709 1403 836 1484 cogitur
857 1402 1024 1466 sustinere.
1072 1400 1105 1467 Si
1122 1423 1195 1465 sero
1215 1401 1363 1483 negligit,

412 1509 466 1561 aut
480 1502 683 1583 malignatur,
697 1505 884 1589 corripietur
900 1505 1027 1585 gravius
1037 1528 1047 1582 ;
1080 1526 1118 1567 eo
1140 1503 1227 1588 quod
1248 1502 1361 1585 majori

412 1620 511 1681 poena
526 1601 617 1683 (ligni
633 1617 707 1666 sunt
727 1605 773 1677 hi,
790 1606 906 1689 quibus
929 1627 1027 1688 quum
1049 1605 1183 1667 multum
1206 1603 1361 1666 debeatur

412 1699 554 1780 honoris,
576 1715 632 1766 aut
660 1707 799 1781 occulto,
822 1717 877 1768 aut
907 1706 1074 1768 manifesto
1100 1704 1307 1767 inveniuntur
1327 1703 1363 1767 in

413 1803 559 1866 crimine.
617 1806 719 1868 Aliter
747 1817 854 1869 tamen
891 1806 1036 1882 crimina,
1065 1807 1155 1869 aliter
1189 1804 1366 1887 puniuntur

413 1922 578 1976 excessus,
603 1907 751 1990 quoniam
775 1907 831 1970 illa
860 1907 1046 1992 plerumque
1069 1927 1198 1990 poenam
1226 1907 1365 1988 irrogant

412 2005 588 2084 sanguinis,
618 2007 687 2071 baec
725 2008 817 2091 quasi
856 2008 1079 2073 medicinalem
1118 2029 1175 2091 pro
1210 2007 1363 2091 qualitate

412 2103 520 2168 delicti
536 2109 672 2189 exigunt
693 2131 812 2172 curam.
857 2111 935 2193 Ipsa
950 2130 1022 2172 vero
1037 2131 1124 2173 nuuc
1141 2109 1280 2192 simplex
1301 2121 1361 2185 est,

410 2226 497 2270 nunc
521 2210 610 2290 quasi
638 2210 798 2293 quandam
823 2211 1030 2274 acrimoniam
1056 2214 1179 2274 miscet.
1227 2213 1362 2274 Verum·

411 2314 516 2369 tamen
529 2330 626 2391 quum
640 2310 675 2372 in
691 2311 776 2373 omni
790 2311 987 2395 professione
999 2309 1362 2394 disciplinanecessaria

411 2408 462 2484 sit,
484 2428 641 2494 nusquam
671 2414 783 2495 magis,
807 2435 901 2498 quam
931 2414 963 2476 in
988 2414 1084 2491 clero,
1106 2424 1138 2476 et
1163 2434 1196 2475 re
1222 2413 1360 2476 militari.

409 2512 452 2571 At
481 2531 530 2573 res
560 2515 715 2592 militaris,
741 2538 812 2599 qnae
841 2516 949 2578 minus
978 2525 1145 2578 exercetur
1173 2514 1207 2575 in
1236 2514 1360 2597 spiritu,

409 2615 554 2678 acerbius
569 2626 617 2679 est
635 2620 840 2702 corporaliter
860 2617 1035 2702 punienda.
1080 2617 1172 2679 Nihil
1188 2626 1236 2679 est
1251 2626 1359 2680 autem

409 2714 495 2795 quod
512 2726 680 2802 utrumque
704 2720 805 2800 magis
824 2720 1002 2802 impugnet,
1018 2737 1113 2801 quam
1132 2715 1269 2793 luxuria,
1284 2717 1360 2799 quia

409 2815 512 2879 omnis
540 2818 784 2903 intemperantia
820 2816 1014 2881 ordinationi
1043 2816 1218 2900 plurimum
1247 2815 1359 2879 adver·

408 2925 502 2980 satur.
563 2919 661 2982 Porro
691 2920 747 2982 ubi
776 2918 855 2982 ordo
885 2939 953 2981 non
983 2928 1042 2995 est,
1072 2916 1220 2980 confusio
1248 2917 1357 2980 locum

408 3015 516 3090 habet,
532 3029 564 3081 et
585 3019 648 3080 nisi
663 3019 850 3101 reprimatur
865 3019 1073 3083 correctionis
1089 3019 1230 3095 stimulo,
1244 3021 1358 3101 procul

410 3113 508 3177 dubio
538 3117 746 3196 ignominiam
777 3138 818 3178 ex
848 3116 1040 3179 necessitate
1069 3118 1227 3200 importat
1273 3117 1359 3190 Quid

409 3217 495 3278 enim
520 3216 617 3280 faciet
642 3217 770 3294 fortiter,
791 3237 887 3300 quem
910 3216 1037 3278 luxuria
1059 3227 1091 3279 et
1115 3217 1360 3299 intemperantia

407 3340 475 3381 nou
491 3330 555 3382 tam
572 3319 758 3395 exarmavit,
770 3339 866 3402 quam
882 3316 1098 3381 exanimavit?
1123 3319 1262 3391 Quartus
1275 3319 1359 3384 liber

407 3421 743 3503 strategematicorum
777 3419 856 3484 Julii
886 3419 1030 3482 Frontiui
1066 3420 1173 3494 refert,
1204 3420 1289 3504 qnod
1319 3423 1357 3487 P.

407 3522 517 3605 Scipio
533 3524 650 3586 missus
665 3522 706 3586 ad
723 3521 942 3599 Numantiam,
958 3532 1140 3605 corruptum
1157 3523 1354 3606 superiorum

406 3625 525 3689 ducum
546 3625 701 3702 secordia,
717 3625 894 3688 exercitum
914 3623 1063 3701 correxit,
1079 3623 1212 3687 dimisso
1232 3625 1353 3706 ingenti

405 3728 545 3790 lixarum
568 3749 710 3803 numero,
730 3726 868 3791 redactis
891 3725 932 3790 ad
953 3747 1071 3790 munus
1091 3725 1279 3810 quotidiana
1297 3749 1354 3791 ex-

405 3828 590 3892 ercitatione
601 3825 767 3901 militibus,
774 3827 890 3911 quibus
903 3848 1002 3912 quum
1014 3827 1162 3910 frequens
1173 3826 1356 3909 injungeret

405 3928 475 4008 iter,
498 3941 622 4014 portare
644 3931 855 4014 complurium
879 3928 1001 3994 dierum
1024 3929 1145 3992 cibaria
1165 3929 1355 4013 imperabat,

406 4032 451 4096 ita
465 4044 500 4097 ut
513 4034 627 4115 frigora
642 4046 674 4097 et
694 4034 813 4096 imbres
832 4033 910 4116 pati,
925 4032 1008 4095 vada
1027 4032 1195 4095 fluminum
1214 4032 1354 4114 pedibus

405 4136 549 4220 trajicere
566 4144 763 4200 assuesceret
783 4135 886 4214 miles,
901 4135 1116 4219 exprobrante
1139 4133 1275 4197 subinde
1296 4133 1355 4193 im-

405 4252 549 4322 peratore
565 4238 766 4303 timiditatem
782 4249 816 4301 et
836 4238 1011 4320 ignaviam,
1024 4236 1254 4317 frangenteque
1275 4230 1354 4292 deli-

407 4340 535 4404 catioris
551 4360 636 4418 usne,
652 4361 688 4403 ac
712 4360 824 4422 parum
844 4338 1026 4403 necessaria
1049 4329 1252 4417 expeditioni
1268 4350 1351 4392 vasa.
