3550 5467
535 724 595 783 106
790 734 928 780 ioannis
945 732 1224 778 saansaanmnms
1330 713 1415 792 [nin.
1431 733 1489 778 sn.

532 887 638 950 omnia
653 884 793 970 optanda
807 883 1039 968 complectitur.
1084 881 1234 945 Felicitas
1251 894 1355 946 tamen
1374 882 1485 947 virtuti

533 998 676 1071 praestat,
705 990 783 1072 quia
808 987 841 1049 in
870 985 1018 1049 omnibus
1044 982 1248 1070 praestantius
1273 998 1333 1061 est,
1356 997 1487 1069 propter

533 1085 620 1171 quod
651 1086 784 1171 aliquid,
813 1108 910 1172 quam
941 1083 1029 1171 quod
1059 1099 1192 1168 propter
1219 1082 1353 1169 aliquid.
1414 1083 1485 1147 Non

533 1186 617 1250 enim
637 1185 712 1250 felix
734 1199 782 1251 est
802 1187 875 1273 quis
898 1196 934 1249 ut
952 1201 1036 1248 recte
1056 1198 1150 1269 agat;
1174 1183 1229 1248 sed
1248 1198 1334 1248 recte
1354 1186 1434 1268 agit,
1452 1198 1488 1248 nt

533 1287 670 1352 feliciter
684 1288 780 1352 vivat.
819 1287 916 1351 Unde
931 1300 961 1351 et
979 1286 1176 1352 Socraticum
1193 1285 1271 1351 illud
1287 1287 1320 1349 iu
1338 1288 1488 1351 Saturna-

532 1387 647 1451 liorum
674 1388 756 1452 libro
785 1388 954 1453 laudatur:
994 1387 1121 1451 Multos
1151 1387 1294 1451 homines
1318 1401 1488 1474 propterea

534 1489 614 1553 velle
629 1489 746 1568 virere,
760 1505 796 1555 ut
816 1490 945 1553 ederent
968 1503 999 1553 et
1018 1488 1183 1561 biberent;
1215 1512 1248 1551 se
1267 1488 1488 1575 biberentque

533 1612 610 1664 esse,
628 1603 665 1654 ut
680 1592 810 1654 viveret.
854 1590 966 1653 Unum
982 1588 1084 1672 igitur
1103 1601 1136 1652 et
1152 1587 1312 1670 singulare
1327 1610 1486 1651 summum

533 1689 675 1753 omnium
695 1690 850 1753 bonorum
874 1688 1041 1752 beatitudo
1062 1701 1120 1765 est,
1136 1686 1189 1750 sed
1210 1687 1251 1750 ab
1272 1711 1310 1750 eo
1332 1700 1382 1751 est
1402 1686 1487 1753 alind

533 1790 770 1878 quodammodo
791 1790 991 1876 quorundam
1016 1788 1182 1852 collatione
1205 1812 1378 1870 summum,
1397 1802 1429 1853 et
1452 1812 1489 1853 eo

477 1920 484 1931 ·
533 1892 605 1975 ipso
624 1895 770 1976 superius
790 1891 871 1965 aliis,
886 1889 973 1975 quod
996 1890 1037 1951 ad
1059 1889 1161 1966 aliud,
1176 1888 1266 1975 quod
1287 1912 1361 1953 vere
1384 1890 1489 1974 singu-

534 1992 644 2058 lariter
672 2006 704 2056 et
734 1995 824 2055 unice
854 2013 1014 2054 summum
1049 2005 1108 2071 est,
1136 1977 1327 2054 familiarius
1357 1990 1488 2055 accedit.

536 2094 695 2157 Caeterum
725 2092 766 2156 ad
796 2091 940 2155 neutrius
970 2092 1264 2178 apprehensionem,
1293 2090 1353 2154 nisi
1387 2091 1488 2177 philo-

535 2191 646 2278 sophia
670 2192 763 2272 duce,
784 2191 925 2256 humana
952 2192 1120 2257 infirmitas
1141 2191 1340 2257 convalescit.
1395 2193 1490 2270 Quis-

535 2295 609 2380 quis
627 2293 710 2357 enim
731 2294 797 2357 sine
816 2316 853 2357 ea
875 2294 915 2357 ad
939 2293 1147 2358 beatitudinis
1162 2294 1244 2357 viam
1266 2294 1382 2374 tendit,
1397 2296 1488 2381 quasi

533 2417 638 2460 caecus
648 2397 680 2459 in
694 2395 816 2458 lubrico
825 2393 969 2468 tendens,
979 2394 1018 2458 ad
1032 2395 1096 2459 alta
1107 2394 1488 2482 praesnmptuosuscadit.

534 2496 631 2560 Unde
646 2519 713 2559 eam
730 2494 912 2559 divinarum
923 2514 955 2559 et
966 2496 1176 2559 humanarum
1190 2518 1295 2559 rerum
1308 2511 1486 2583 compotem

533 2619 612 2675 esse,
623 2596 824 2683 Chrysippus
838 2596 980 2672 assernit,
992 2618 1048 2660 nec
1064 2620 1205 2683 unquam
1222 2598 1299 2662 satis
1313 2618 1405 2683 posse
1422 2597 1489 2661 lau·

534 2697 616 2776 dari,
631 2721 703 2784 quae
726 2698 803 2762 vitia
825 2697 968 2784 expellit,
984 2697 1120 2762 virtutes
1141 2698 1281 2762 ostendit
1296 2712 1329 2763 et
1351 2699 1486 2775 confert,

535 2800 622 2864 etin
645 2799 783 2864 humana
803 2799 988 2863 infirmitate
1012 2798 1152 2863 divinam
1178 2799 1418 2885 quodammodo
1441 2822 1488 2864 re·

535 2914 628 2988 parat
648 2899 874 2986 integritatem.
920 2903 965 2964 Et
985 2912 1020 2965 ut
1042 2922 1168 2964 sensum
1191 2924 1284 2966 suum
1308 2902 1488 2988 expressius

534 3001 688 3088 proferat,
703 3023 811 3064 ornnes
826 3002 882 3086 qui
898 3024 960 3064 non
975 3001 1016 3066 ab
1031 3001 1096 3078 illa,
1114 3003 1161 3066 vel
1183 3003 1224 3067 ad
1240 3003 1326 3068 illam
1343 3004 1487 3089 vigilant,

536 3101 624 3189 quod
636 3113 740 3166 tamen
750 3101 791 3164 ab
801 3101 855 3164 illa
864 3116 908 3165 cst
915 3151 924 3181 ,
933 3100 1040 3165 brutis
1050 3102 1238 3167 animalibus
1250 3103 1329 3168 dicit
1339 3128 1407 3168 esse
1418 3126 1488 3168 con-

535 3203 663 3282 formes,
673 3203 738 3265 imo
748 3215 781 3266 et
796 3202 992 3287 stupendum
1007 3216 1118 3269 contra
1129 3217 1274 3268 naturam
1287 3204 1486 3281 miraculum,

535 3306 569 3369 in
580 3302 767 3388 corporibus
778 3301 926 3366 humanis
936 3302 1049 3367 brutos
1063 3303 1206 3367 homines
1217 3327 1292 3370 esse.
1324 3306 1488 3370 Triavero

533 3425 651 3489 genera
666 3401 843 3477 hominnm,
858 3403 913 3486 qui
930 3403 1072 3467 homines
1092 3417 1184 3469 sunt:
1210 3405 1288 3469 alios
1308 3407 1391 3470 enim
1413 3407 1488 3471 bru·

533 3518 583 3568 tos
597 3523 664 3565 esse
675 3501 817 3566 asseruit.
856 3501 924 3566 Alii
936 3503 1017 3566 enim
1029 3505 1097 3589 jam
1109 3505 1311 3591 jocunditate
1323 3508 1486 3593 sapientia

534 3602 753 3689 perfruuntur,
777 3602 863 3665 ethi
887 3604 1045 3689 sapientes
1067 3620 1162 3680 sunt,
1195 3606 1248 3669 alii
1271 3609 1427 3673 accedunt
1451 3621 1486 3672 ut

535 3704 697 3781 fruantur,
720 3716 751 3766 et
781 3703 813 3766 hi
839 3717 914 3768 sunt
940 3705 1140 3793 philosophi3
1173 3707 1227 3771 alii
1256 3708 1420 3796 adspirant
1446 3708 1486 3773 ad

535 3803 761 3881 accedendum,
777 3802 894 3869 scilicet
910 3806 965 3892 qui
986 3805 1129 3870 nondum
1152 3822 1238 3889 sunt,
1252 3824 1284 3874 et
1305 3833 1374 3874 esse
1388 3810 1488 3897 philo·

534 3904 626 3990 sophi
651 3903 889 3990 concupiscunt.
936 3906 1070 3969 Constat
1093 3908 1176 3971 enim
1200 3932 1267 3973 esse
1291 3932 1390 3994 quam
1417 3910 1488 3996 plu·

535 4002 642 4081 rimus,
666 4007 722 4089 qui
745 4003 886 4068 trundum
912 4003 1190 4091 philosophantur,
1214 4023 1246 4071 et
1267 4007 1365 4072 vitam
1387 4009 1487 4094 philo-

536 4106 707 4193 sophorum
724 4105 749 4169 si
768 4128 830 4168 non
849 4128 955 4191 opere,
972 4106 1083 4170 saltem
1106 4107 1264 4173 desiderio
1285 4114 1484 4175 aemulantur.

536 4213 609 4294 Ego
628 4209 814 4273 sententiam
834 4209 904 4294 ejus
924 4221 1015 4272 tanto
1034 4211 1176 4274 securius
1196 4212 1351 4297 approbo,
1366 4227 1486 4299 quanto

535 4333 603 4375 eam
614 4310 690 4374 mihi
704 4308 809 4372 videre
819 4308 929 4372 videor
941 4311 1040 4373 sancti
1058 4311 1197 4397 Spiritus
1211 4313 1403 4378 auctoritate
1414 4313 1486 4379 sub-
