3550 5467
424 764 488 821 ‘228
683 777 819 820 rosusrs
836 775 1116 822 saaasaarususrs
1209 759 1295 839 [ma.
1310 778 1376 821 vnr.

425 929 507 991 enim
530 941 577 991 est
602 927 688 1013 quod
714 929 879 991 certiorem
903 941 959 990 aut
982 928 1128 991 citiorem
1153 929 1288 993 inducat
1310 930 1376 992 oali-

424 1030 529 1113 ginem
546 1029 620 1113 jugi
640 1030 800 1116 ingluvie:
825 1030 914 1114 quia,
935 1042 971 1092 ut
992 1030 1036 1094 ait
1058 1032 1293 1102 Portunianus,
1309 1030 1377 1092 eds·

422 1131 500 1194 citas
520 1130 608 1193 cibos
630 1131 715 1205 terit,
730 1131 784 1193 sed
808 1129 917 1194 oculos
936 1142 1036 1193 vorat.
1083 1131 1243 1207 Galenus,
1256 1145 1376 1195 auctore

427 1234 635 1318 Hieronymo,
664 1247 695 1296 et
729 1232 931 1297 doctissimus
968 1233 1128 1318 interpres
1162 1235 1374 1319 Hippocratis,

422 1334 500 1399 dicit
514 1337 546 1398 in
562 1334 782 1398 exhortatione
797 1333 972 1411 medicinae,
988 1333 1140 1407 athletas,
1156 1357 1295 1421 quorum
1313 1338 1372 1399 rita

422 1451 454 1502 et
469 1461 520 1501 ars
535 1441 644 1522 sagina
658 1452 716 1517 est,
731 1460 789 1501 uec
805 1438 913 1501 vivere
927 1460 1031 1523 posse,
1046 1459 1106 1500 nec
1120 1436 1179 1500 diu
1196 1460 1265 1501 esse
1278 1460 1370 1512 moos,

422 1540 607 1626 animasque
635 1562 744 1603 eorum
774 1539 819 1602 ita
850 1540 948 1603 nimio
974 1541 1130 1624 sanguiue
1160 1553 1194 1604 et
1221 1539 1371 1624 adipibus,

423 1643 515 1729 quasi
536 1641 617 1720 luto,
637 1641 806 1718 involutas,
830 1639 909 1703 nihil
933 1653 1041 1716 tenue,
1063 1639 1143 1703 nibil
1166 1643 1305 1718 coeleste,
1323 1639 1369 1702 sed

422 1764 546 1828 semper
567 1743 607 1806 de
629 1742 776 1805 carnibus
798 1753 830 1804 et
852 1752 945 1804 ructu
966 1739 1119 1824 cogitare,
1136 1753 1168 1803 et
1190 1741 1309 1806 ventris
1328 1742 1370 1803 in·

423 1845 540 1926 gluvie.
588 1845 740 1928 Legimus
765 1843 860 1907 etiam
885 1841 1041 1928 quosdam
1067 1842 1180 1906 morbo
1203 1843 1369 1918 articulari,

421 1961 453 2010 et
473 1946 625 2031 podagrae
646 1945 831 2010 humoribus
851 1944 1042 2020 laborantes,
1065 1945 1300 2030 proscriptione
1319 1946 1367 2008 bo·

421 2070 534 2111 norum
555 2049 595 2111 ad
619 2048 791 2132 simplicem
815 2069 966 2125 mensam,
987 2058 1019 2109 et
1042 2067 1201 2132 pauperes
1222 2049 1308 2112 cibos
1329 2070 1369 2110 re

419 2148 539 2223 dactus,
569 2152 774 2213 convaluisse.
835 2151 1013 2213 Caruerant
1044 2149 1129 2211 enim
1160 2147 1367 2213 sollicitudine

417 2248 637 2334 dispensandae
661 2248 787 2328 domus,
809 2264 841 2315 et
867 2249 1033 2335 epularum
1061 2249 1225 2334 largitate,
1246 2274 1318 2337 quae
1337 2265 1364 2314 at

417 2372 534 2435 corpus
555 2352 720 2434 frangunt,
744 2365 775 2413 et
799 2350 945 2416 animam.
994 2348 1113 2415 Irridet
1138 2352 1296 2416 Horatius
1319 2374 1367 2436 ap

419 2452 554 2537 petitum
581 2451 737 2527 ciborum,
764 2453 819 2538 qui
849 2452 1031 2537 consumpti
1058 2452 1248 2539 relinquunt
1273 2454 1369 2540 poeni·

418 2554 558 2619 tentiam.

523 2672 623 2743 Sperne
635 2671 793 2742 voluptates:
813 2677 888 2723 nocet
902 2677 988 2741 empta
1001 2671 1091 2725 dolore
1103 2672 1233 2743 voluptas.

417 2777 462 2839 Et
484 2798 585 2860 quum
605 2774 636 2836 iu
653 2774 864 2837 amoenissimo
884 2796 973 2858 agro,
988 2774 1020 2836 in
1044 2798 1185 2840 morsum
1204 2775 1367 2861 voluptuo

417 2899 523 2941 sorum
540 2875 716 2950 hominum,
732 2896 764 2935 se
778 2896 916 2937 crassum
933 2874 1152 2962 pinguemque
1167 2877 1364 2950 describeret,

416 2978 491 3042 lusit
508 2976 557 3041 bis
573 2977 733 3041 versibus:

521 3094 569 3146 Me
579 3097 712 3166 pinguem,
724 3099 750 3144 et
762 3092 872 3145 nitidum
883 3092 951 3145 bene
963 3099 1052 3145 curata
1065 3101 1126 3146 cute
1139 3096 1219 3159 vises,

521 3180 610 3242 Quum
622 3180 707 3231 ridere
718 3178 789 3230 voles
801 3179 906 3249 Epicuri
916 3177 950 3230 de
961 3196 1044 3246 grege
1056 3197 1169 3249 porcum

415 3282 477 3346 Sed
494 3296 580 3346 etex
597 3280 756 3346 vilissimis
776 3279 856 3344 cibis
878 3279 1008 3343 vitanda
1028 3282 1157 3345 satietas
1177 3296 1236 3348 est.
1282 3284 1364 3347 Nihil

413 3387 496 3447 enim
520 3383 565 3447 ita
586 3383 694 3446 obruit
725 3382 878 3457 animum,
903 3395 937 3445 ut
965 3380 1078 3465 plenus
1108 3397 1233 3461 venter,
1254 3400 1285 3449 et
1315 3408 1364 3448 ex·

413 3497 562 3563 oestuaus,
573 3497 607 3548 et
622 3483 685 3547 buc
694 3484 836 3569 illucque
852 3506 884 3547 se
895 3497 1029 3559 vertens,
1041 3499 1074 3550 et
1085 3483 1118 3548 iu
1135 3500 1260 3563 ructus,
1273 3488 1321 3550 rel
1333 3492 1363 3566 in

412 3585 553 3670 crepitus
576 3600 742 3649 ventorum
763 3586 923 3651 efflatione
946 3588 1113 3673 respirans.
1161 3589 1264 3666 Quale
1286 3590 1361 3655 illud

407 3685 578 3771 jejunium,
589 3700 642 3750 aut
659 3686 764 3771 qualis
776 3688 905 3752 resectio
917 3702 989 3774 post
1000 3689 1174 3775 jejunium,
1186 3714 1290 3776 quum
1304 3693 1363 3779 pn'·

411 3787 515 3850 dianis
538 3786 642 3871 epulis
660 3787 882 3863 distendimur,
903 3804 937 3854 et
958 3803 1074 3874 guttur
1096 3805 1244 3857 nostrum
1269 3794 1361 3858 medi-

409 3887 545 3952 atorium
562 3886 698 3952 efficitur
719 3888 914 3953 latrinarum.
962 3892 1114 3976 Dumque
1131 3893 1283 3959 volumus
1297 3917 1364 3981 pro

409 3986 529 4052 lixioris
559 3987 672 4052 inediae
710 3989 825 4052 famem
857 4012 1011 4074 quaerere,
1041 4003 1169 4055 tantum
1209 4015 1361 4069 voramus,

409 4104 566 4180 quantum
588 4091 643 4154 vix
666 4090 795 4154 alterius
814 4090 875 4153 diei
898 4113 959 4154 nox
982 4090 1117 4174 digerat.
1167 4094 1286 4180 Itaque
1304 4118 1360 4158 nou

407 4207 473 4257 tam
484 4193 643 4280 jejunium
660 4191 883 4276 appellandum
900 4206 959 4267 est,
975 4214 1072 4277 quam
1090 4194 1233 4279 crapula,
1250 4219 1287 4260 ae
1308 4197 1361 4260 im

407 4307 476 4358 tens
491 4308 523 4358 et
539 4294 672 4358 molesta
685 4292 830 4376 digestio.
878 4294 958 4357 Haec
975 4294 1106 4379 quidem
1132 4297 1357 4384 Hieronymus.

406 4397 453 4457 Et
481 4396 554 4459 licet
579 4393 694 4482 jejunii
725 4394 821 4457 faciat
852 4395 1055 4470 mentionem,
1081 4397 1179 4460 etiam
1212 4399 1360 4486 religione
