3550 5467
283 744 350 788 car.
367 730 461 803 xxv]
632 748 886 794 vom'emrrcus.
1175 744 1237 801 375

283 898 487 962 interdictum
506 898 623 962 veracis
639 897 709 974 Dei,
727 901 953 966 obtenebratus
969 917 1014 967 est
1032 904 1136 980 bomo,
1153 923 1184 970 et
1200 909 1233 971 in

282 1002 416 1064 esuriem
447 1016 637 1087 prostratus,
669 1002 775 1067 soedus
807 1003 922 1068 feriens
951 1029 1023 1069 cum
1056 1021 1165 1084 morte,
1198 1028 1228 1075 et

281 1120 410 1192 paetum
435 1106 551 1168 faciens
573 1130 643 1170 cum
668 1108 800 1171 inferno.
847 1109 927 1171 Boni
956 1124 1071 1187 tamen,
1097 1126 1129 1176 et
1157 1115 1229 1178 mali

282 1209 379 1274 ssiens
390 1209 493 1272 factus
502 1222 549 1273 est
560 1231 615 1294 per
625 1207 863 1294 experientiam,
874 1223 905 1273 et
917 1211 1085 1298 multiplici
1096 1215 1230 1281 miseriae

281 1311 384 1375 locum
400 1312 475 1376 feeit
493 1312 525 1374 in
542 1333 585 1374 se.
621 1315 710 1394 Ergo
728 1334 747 1374 a
766 1311 854 1395 ligno
873 1313 1011 1378 scientiae
1029 1315 1107 1379 dum
1123 1319 1230 1403 prohi-

280 1414 366 1477 bitus
382 1412 460 1476 illud
477 1413 667 1487 ascenderet,
684 1436 702 1475 a
717 1413 861 1490 veritate,
879 1414 1008 1495 virtute,
1025 1415 1090 1479 vita
1104 1420 1230 1500 cecidit,

282 1525 314 1578 et
339 1512 478 1576 deviavit
505 1513 609 1592 bomo,
635 1537 691 1577 nec
717 1527 895 1578 revertetur
911 1514 951 1577 ad
974 1515 1082 1590 vitam,
1106 1517 1164 1581 nisi
1190 1519 1232 1582 ad

282 1618 424 1679 arborem
449 1614 588 1678 scientiae
606 1614 725 1690 redeat,
741 1627 772 1678 et
793 1615 867 1677 inde
886 1616 1050 1680 veritatem
1074 1619 1106 1681 in
1126 1620 1232 1705 cogni·

282 1715 533 1795 tione‚virtntem
545 1716 576 1776 in
587 1714 1232 1801 opere,vitaminjucunditatemutuctur.

283 1820 429 1884 Rationis
452 1819 559 1904 itaque
578 1840 709 1882 acumen
730 1833 886 1894 exerceat,
910 1833 944 1884 ut
968 1819 1125 1886 discernat
1147 1822 1230 1888 inter

281 1924 401 1986 bonurn
417 1934 448 1984 et
465 1924 595 1997 malum,
611 1934 642 1984 et
658 1922 690 1984 in
706 1922 784 2007 ipsis
799 1921 890 1986 bonis
902 1936 958 1985 aut
974 1921 1073 2002 malis,
1083 1924 1161 2010 quid
1178 1925 1230 1988 cui

281 2024 511 2112 praeponderet,
522 2039 687 2108 agnoscat:
703 2028 775 2111 jugi
785 2023 898 2088 deinde
908 2039 996 2088 curet
1006 2024 1231 2106 sollicitudine,

283 2127 1232 2213 nepartemsuamsaciatdeteriorem‚sedtotoconatumentis

282 2243 313 2294 et
329 2232 478 2314 corporis,
491 2229 712 2314 praeeligendis
729 2230 886 2294 inserviat.
919 2229 992 2315 lpse
1003 2253 1131 2316 quoque
1144 2231 1232 2298 labor

282 2330 438 2396 dulcescat
456 2334 526 2410 sibi,
543 2346 576 2399 et
595 2347 693 2397 totam
711 2333 954 2398 amaritudinem
975 2356 1080 2397 rerum
1096 2358 1233 2421 praesen·

282 2433 362 2498 tium
375 2436 422 2513 (ut
432 2439 476 2498 ait
487 2436 797 2520 beatusGregorius)
809 2459 863 2520 spe
874 2451 1028 2519 temperet
1038 2436 1232 2504 futurorum.

283 2535 365 2597 Nam
381 2549 413 2598 et
430 2536 584 2619 propbeta
605 2536 660 2597 diu
677 2547 839 2616 noctuque
854 2533 915 2595 sub
935 2535 1154 2616 expectatione
1170 2538 1232 2600 Dei

283 2637 331 2698 sui
347 2635 473 2697 cibatur
494 2631 681 2715 lachrymis:
710 2644 741 2693 et
758 2630 801 2693 sic
817 2630 1001 2713 lugentibus
1021 2633 1137 2697 veritas
1150 2636 1231 2720 ipsa,

281 2756 355 2819 quae
371 2755 427 2794 nec
442 2730 534 2806 fallit,
547 2753 603 2793 nec
619 2728 751 2808 fallitur,
762 2752 867 2792 veram
881 2730 1109 2795 beatitudinem
1126 2756 1232 2820 repro-

281 2836 377 2899 misit.
423 2836 490 2897 Nec
513 2845 661 2897 vereatur
683 2831 755 2915 quis
769 2829 809 2893 ad
833 2830 974 2894 arborem
999 2832 1138 2899 scientiar
1157 2838 1231 2901 boni

281 2950 313 2999 et
341 2935 415 3000 mali
441 2957 569 2999 manum
596 2934 777 3011 extendere,
801 2932 911 3018 primae
933 2933 1157 3018 prohibitionis
1178 2963 1233 3003 ex-

280 3036 396 3123 emplo,
413 3038 491 3124 quia
512 3036 638 3101 exulem
661 3050 692 3100 et
715 3058 879 3099 erroneum
904 3037 945 3098 ad
972 3034 1056 3100 illam
1082 3042 1231 3106 invitavit

282 3137 347 3215 ille,
364 3139 419 3223 qui
436 3138 527 3201 docet
550 3137 706 3201 hominem
724 3137 896 3212 scientiam,
913 3150 944 3201 et
962 3138 1060 3223 juxta
1076 3142 1233 3224 promissi-

282 3263 373 3304 onem
401 3239 629 3326 propheticam,
654 3240 764 3323 ignaro
790 3238 909 3303 indicat
935 3239 1013 3325 quid
1040 3242 1080 3305 sit
1105 3243 1231 3308 bonum.

285 3345 322 3407 ln
339 3346 450 3408 arbore
466 3367 542 3427 ergo
564 3342 701 3407 scientiae
717 3342 808 3429 quasi
832 3342 960 3426 quidam
978 3343 1106 3407 virtutis
1126 3368 1233 3410 ramus

282 3446 432 3526 nascitur,
447 3468 486 3508 ex
502 3468 568 3530 quo
584 3458 652 3508 tota
674 3448 739 3508 vita
754 3443 947 3529 proficientis
968 3444 1104 3510 hominis
1125 3470 1233 3513 conse·

282 3562 399 3611 cratur.
424 3551 539 3631 Neque
550 3545 632 3607 enim
646 3544 686 3606 ad
699 3545 872 3628 genitorem
888 3544 973 3624 vitae,
986 3548 1090 3610 ileum
1102 3548 1231 3628 scilicet,

281 3650 372 3713 aliter
388 3648 481 3726 redit,
496 3647 554 3710 nisi
570 3647 626 3732 qui
644 3646 770 3710 virtutis
787 3669 909 3709 ramum
931 3646 1071 3713 excisum
1088 3650 1129 3715 de
1144 3652 1231 3739 ligno

282 3753 420 3816 scientiae
447 3750 629 3835 praetendit·
674 3750 736 3816 Sed
764 3749 838 3837 quis
862 3748 927 3814 cito
952 3751 1065 3817 avellet
1094 3778 1229 3832 ramum,

281 3876 380 3938 quum
407 3851 457 3914 vel
482 3849 582 3937 ipsam
606 3850 761 3929 arborem,
775 3849 808 3913 id
824 3863 883 3927 est,
902 3851 978 3937 quid
999 3852 1067 3916 lieri
1084 3874 1229 3941 oporteat

282 3958 431 4041 perpauci
448 3954 615 4018 noverint?
640 3953 794 4039 Nunquid
817 3977 924 4017 ramus
939 3953 1030 4015 facile
1045 3956 1229 4035 innotescet,

282 4058 337 4120 ubi
354 4081 417 4142 prae
433 4057 637 4120 multitudine
658 4055 892 4138 desipientium,
908 4067 938 4115 et
961 4052 1042 4115 nrale
1056 4059 1232 4140 agentium,

283 4159 350 4244 ipsa
365 4160 457 4222 arbor
469 4157 647 4223 occulitur?
673 4159 744 4218 lloc
761 4156 861 4239 ipsum
874 4154 957 4216 forte
974 4155 1070 4219 sensit
1082 4172 1112 4221 et
1126 4164 1230 4237 Maro,

282 4265 340 4345 qui
355 4262 426 4325 licet
441 4260 581 4323 veritatis
597 4270 676 4320 esset
692 4258 832 4338 ignarus,
845 4269 877 4318 et
889 4256 920 4318 in
939 4257 1075 4320 tenebris
1087 4264 1231 4344 gentium

282 4362 469 4435 ambularet,
487 4361 524 4423 ad
544 4359 670 4444 Elysios
691 4379 818 4442 campos
843 4355 994 4431 felicium,
1011 4370 1041 4419 et
1066 4360 1128 4424 cari
1148 4367 1235 4448 geni.
