3550 5467
405 768 479 812 cae.
496 751 575 830 xta]
754 767 1010 815 rouromrrcus.
1294 759 1354 819 sal

406 918 567 983 industria
589 919 718 993 locatas,
735 919 850 984 artifex
873 921 976 985 nodus
997 920 1197 1004 astringeret,
1221 937 1250 985 et
1273 926 1359 990 sinus

406 1043 447 1084 ex
471 1021 649 1104 composito
674 1020 826 1099 defluens,
850 1022 980 1087 modum
1004 1022 1112 1087 lateris
1136 1024 1280 1090 ambiret.
1328 1025 1360 1091 ls

406 1121 569 1207 quondam
591 1144 691 1205 quum
708 1123 865 1186 incederet
885 1122 1064 1188 elaboratus
1079 1125 1119 1188 ad
1136 1130 1282 1211 speciem,
1298 1127 1362 1192 col·

405 1221 488 1307 legae
512 1223 553 1286 de
577 1223 703 1308 injuriis
726 1223 810 1288 diem
835 1223 929 1300 dixit,
953 1225 1039 1311 quod
1064 1225 1124 1289 sibi
1149 1227 1180 1289 iu
1206 1229 1361 1310 angustiis

404 1323 521 1388 obvius
535 1324 659 1388 offensu
676 1325 820 1401 fortuito,
835 1339 1026 1392 structuram
1051 1341 1133 1411 togoe
1148 1328 1360 1407 destruxerat,

405 1439 438 1488 et
453 1424 590 1510 capitale
605 1427 744 1510 putavit,
760 1425 846 1512 quod
868 1427 898 1489 in
920 1427 1053 1490 humero
1073 1450 1141 1502 suo,
1157 1429 1263 1492 locum
1281 1453 1359 1514 ruga

405 1540 571 1589 mutasset.
604 1527 694 1591 Nihil
710 1526 773 1591 tale
788 1529 962 1613 sapientem
978 1528 1079 1602 decet,
1095 1543 1152 1593 aut
1168 1529 1270 1592 virum
1287 1554 1361 1616 pro-

405 1628 502 1692 bum:
530 1628 593 1692 imo
607 1644 639 1694 et
656 1644 808 1695 matrona
830 1631 983 1710 honestae,
997 1644 1029 1696 et
1050 1632 1187 1717 virgines
1202 1647 1361 1716 nupturas,

404 1730 530 1795 facilius
544 1746 574 1795 et
596 1730 719 1797 felicius
738 1733 780 1795 ob
795 1733 887 1796 dotes
908 1732 1030 1809 t'ormae,
1046 1747 1165 1797 tantam
1189 1734 1295 1799 cultus
1310 1734 1358 1799 sui

406 1831 642 1897 solicitudinem
673 1835 874 1899 erubescunt.
920 1835 1042 1898 Mirum
1073 1834 1182 1919 itaque
1211 1849 1269 1915 est,
1294 1860 1360 1921 qua

404 1934 606 2019 impudentia
622 1936 727 2000 aetatis
742 1949 870 2011 nostra,

653 2085 748 2138 Cultus
760 2092 864 2153 gestare
876 2086 990 2150 decoros,

513 2171 568 2224 vix
580 2171 686 2224 nuribus
698 2189 806 2242 rapuere
817 2189 910 2225 mares.

406 2326 494 2405 Quid
505 2349 581 2412 ergo
590 2327 676 2413 quod
688 2326 823 2391 milites?
847 2327 1029 2415 Quidquod
1043 2327 1168 2392 clerici?
1193 2329 1357 2415 Siquidem

405 2429 477 2494 haec
502 2428 607 2492 omnia
633 2428 775 2493 fallacem
803 2430 976 2494 meretricis
1002 2430 1121 2506 sucum,
1147 2444 1179 2494 et
1205 2431 1357 2495 malitiam

409 2531 586 2595 imitantur.
632 2530 719 2605 Quid
742 2554 819 2616 ergo
842 2532 910 2594 viro
932 2556 1004 2596 cum
1027 2534 1167 2616 speculo,
1188 2533 1247 2595 uisi
1266 2532 1299 2593 in
1322 2554 1360 2594 eo

406 2655 496 2711 casu,
520 2656 587 2718 quo
615 2631 696 2697 illud
725 2632 891 2696 Platonem
921 2647 1060 2715 gestasse
1091 2632 1180 2696 testis
1208 2644 1255 2694 est
1286 2631 1359 2694 Fla·

408 2734 531 2816 uianus,
547 2747 583 2799 ut
599 2735 720 2798 videret
739 2738 771 2798 in
795 2758 833 2798 eo
847 2747 1003 2816 quantum
1023 2732 1246 2818 peregrinatio,
1263 2731 1360 2796 studii

406 2838 524 2918 servor,
539 2859 669 2903 acumen
685 2837 847 2922 temporis,
863 2836 1029 2921 processus
1043 2834 1156 2913 astatis,
1169 2834 1208 2897 de
1223 2831 1360 2898 naturali

408 2952 495 3002 statu
511 2951 676 3014 mutasset,
688 2938 780 3002 faciei
795 2937 924 3013 indicio,
940 2960 1014 3021 quae
1029 2937 1122 3015 bona,
1132 2948 1163 3000 et
1179 2934 1272 3013 mala,
1284 2934 1360 2997 fide·

408 3040 525 3106 lissime
546 3044 764 3127 protestatur?
800 3043 872 3104 Hoc
895 3039 1023 3124 quidem
1051 3039 1128 3122 egit,
1152 3048 1188 3100 ut
1210 3048 1361 3111 servaret,

407 3157 465 3208 aut
481 3142 633 3207 relevaret
649 3155 806 3223 naturam,
818 3165 857 3205 ne
873 3142 991 3219 labore,
1002 3155 1034 3205 et
1049 3141 1147 3204 diaeta
1157 3140 1279 3204 insueta
1294 3161 1361 3202 cor-

407 3261 621 3333 rumperetur.
660 3247 707 3310 Ut
722 3260 829 3309 autem
845 3244 885 3308 ad
903 3243 964 3307 alia
980 3257 1186 3320 transeamus,
1202 3245 1274 3327 quis
1289 3240 1363 3304 isto

407 3371 493 3425 rum,
507 3347 562 3433 qui
578 3347 671 3412 dotes
685 3348 853 3411 brutorum
870 3344 1029 3423 affectant,
1040 3346 1157 3409 brutus
1172 3366 1238 3408 esse
1251 3341 1360 3426 digne-

408 3453 486 3513 tur?
510 3452 579 3513 Aut
595 3451 647 3514 cui
660 3472 722 3513 non
734 3448 977 3535 praeponderare
990 3446 1161 3525 videbitur,
1173 3445 1196 3508 si
1212 3443 1358 3507 collatam

410 3551 469 3615 sibi
496 3574 563 3639 prae
588 3552 651 3617 illis
681 3553 822 3617 conferat
847 3551 1025 3615 rationem?
1060 3547 1214 3635 Nunquid
1243 3546 1357 3610 virium

407 3668 542 3732 amator,
555 3653 602 3716 len
612 3653 706 3717 vellet
717 3676 793 3733 esse,
803 3666 858 3716 aut
870 3651 1008 3737 pardus?
1033 3651 1152 3715 Dicunt
1163 3646 1359 3736 Physiologi,

408 3754 495 3841 quod
518 3754 620 3838 lyncis
642 3769 697 3820 aut
722 3755 884 3840 pantherae
909 3754 1050 3829 odorem,
1075 3753 1222 3817 animalia
1245 3765 1359 3817 caetera

407 3871 600 3941 sequuntur:
627 3857 704 3921 istos
725 3870 829 3920 tamen
846 3856 900 3943 qui
921 3880 1039 3935 musco,
1053 3868 1085 3920 et
1106 3857 1269 3941 speciebus
1284 3878 1359 3918 exo·

409 3958 479 4023 ticis
494 3957 620 4043 placant
641 3959 806 4036 olfactum,
822 3973 853 4023 et
873 3970 1056 4043 provocant,
1072 3956 1163 4034 velle,
1180 3958 1204 4021 si
1220 3969 1359 4043 possent,

409 4082 470 4123 uon
488 4061 626 4126 arbitror
646 4064 678 4125 in
701 4061 887 4147 pantheram
912 4076 967 4124 aut
985 4060 1107 4145 lyncem
1133 4058 1359 4122 transformari.

410 4167 483 4228 Non
497 4164 608 4248 utique
620 4164 756 4235 credam,
768 4163 855 4249 quud
869 4162 926 4249 qui
940 4164 1086 4246 Satyrum
1100 4160 1214 4236 induit,
1229 4161 1360 4240 Satyrus

410 4288 476 4328 esse
493 4264 587 4329 velit:
615 4267 667 4330 sed
686 4264 802 4329 necilli
819 4268 874 4348 qui
897 4263 1014 4347 seipsos
1029 4261 1165 4347 poliunt,
1181 4260 1312 4345 pavonis
1328 4264 1359 4322 in

411 4389 442 4429 se
467 4380 617 4451 poterunt
645 4367 867 4433 transformare
891 4366 1019 4427 colores.
1060 4361 1235 4425 Conciuant
1260 4359 1305 4438 hi,
1329 4374 1361 4423 et
