3550 5467
405 746 477 790 car.
493 728 571 808 xm]
749 748 1005 793 marculiscus.
1313 735 1372 795 167

407 920 510 961 sacras
537 899 718 963 oneraverit
749 899 933 963 muneribus
961 898 1106 978 sordidis,
1134 899 1206 984 quis
1232 898 1370 984 indignis

406 998 576 1084 suppliciis
615 1002 742 1065 torserit
778 1000 952 1086 religiosos,
985 1001 1059 1086 quis
1095 999 1298 1088 vilipenderit
1336 1016 1368 1067 et

404 1099 652 1185 pessundederit
677 1102 809 1177 clerum,
838 1100 911 1187 quis
937 1100 968 1163 in
999 1100 1175 1186 provincias
1204 1102 1366 1168 induxerit

406 1200 503 1264 ferale
515 1202 692 1286 judicium,
708 1202 782 1286 quis
806 1201 891 1286 leges
906 1214 938 1264 et
959 1222 1093 1264 canones
1108 1203 1367 1268 exterminaverit

407 1301 560 1365 afinibus
582 1302 666 1375 suis;
694 1303 766 1387 quis
788 1302 939 1366 indixerit
961 1302 1119 1366 silentium
1137 1305 1314 1390 Episcopis,
1331 1320 1366 1370 ut

405 1404 533 1487 quaevis
547 1400 671 1485 flagitia
685 1403 816 1486 impune
827 1415 857 1464 et
876 1401 942 1464 sinc
955 1401 1018 1466 ulla
1035 1402 1273 1487 reprehensione
1284 1427 1368 1467 com-

406 1504 561 1580 mitteret,
577 1505 651 1587 quis
671 1501 824 1564 adversus
848 1501 1021 1565 Ecclesiam
1045 1503 1222 1566 Romanam
1246 1503 1368 1569 diutius

407 1616 438 1667 et
455 1602 665 1688 perniciosius
687 1603 887 1682 intumuerit,
903 1603 977 1688 quis
1000 1603 1106 1666 omnia
1128 1626 1190 1666 nou
1212 1617 1276 1668 tam
1298 1628 1367 1682 sua,

406 1728 506 1790 quam
530 1728 678 1790 perversa
699 1704 767 1789 lege
791 1703 984 1779 tractaverit,
1001 1704 1072 1790 quis
1094 1705 1219 1768 tandem
1239 1728 1369 1773 consue·

407 1806 488 1870 verit
511 1806 603 1873 libito
625 1807 746 1871 licitum
769 1830 946 1892 coaequare.
991 1807 1024 1872 Si
1048 1806 1121 1892 quis
1140 1822 1246 1872 autern
1268 1809 1298 1871 in
1319 1809 1367 1873 his

407 1909 693 1973 commemorandis
717 1910 872 1995 copiosior
894 1922 953 1989 est,
967 1919 1001 1972 et
1019 1913 1049 1973 in
1068 1909 1225 1996 explenda
1247 1910 1369 1975 malitia

407 2014 556 2094 nequior,
573 2012 750 2075 sincerioris
770 2026 817 2075 est
836 2011 922 2085 lidei,
938 2025 969 2076 et
990 2011 1171 2076 efficacioris
1190 2013 1366 2078 iudustriae.

410 2111 474 2188 Qui
491 2134 565 2174 vero
587 2134 645 2198 pro
662 2112 793 2176 veritate
813 2112 899 2189 fidei,
917 2126 972 2176 aut
995 2112 1173 2178 sinceritate
1189 2137 1311 2178 morum
1328 2115 1368 2179 de

405 2213 479 2299 jure
503 2212 614 2277 divino
635 2212 757 2300 aliquid
781 2213 937 2299 loquitur,
959 2227 1015 2277 aut
1041 2215 1282 2298 superstitiosus
1309 2232 1367 2296 est,

408 2328 464 2379 aut
480 2314 618 2391 invidus,
631 2330 686 2380 aut
702 2315 799 2401 (quod
815 2315 950 2401 capitale
965 2317 1026 2396 est)
1043 2318 1195 2401 principis
1210 2319 1365 2383 inimicus.

413 2416 444 2478 Si
452 2414 1150 2501 dicasquiaignisquiperseptuagintaannos
1168 2419 1369 2504 llabylouicae

410 2517 604 2602 captivitatis
627 2519 687 2581 sub
709 2540 794 2602 aqua
817 2519 949 2594 vixerat,
972 2518 1100 2582 demum
1125 2521 1285 2584 extinctus
1308 2535 1368 2598 est,

411 2619 574 2683 Antiocho
588 2619 743 2682 vendente
759 2621 781 2682 J
784 2621 871 2683 asoni
888 2618 1175 2699 sacerdotium‚aut
1190 2621 1275 2706 quod
1290 2624 1368 2685 Bea-

411 2737 463 2786 tus
490 2721 669 2805 Gregorius
696 2734 843 2798 testatur,
871 2722 946 2807 quia
972 2721 1171 2805 pestilentiae,
1198 2737 1230 2785 et
1257 2723 1368 2803 fames,

412 2823 632 2888 concussiones
646 2823 802 2908 gentium,
818 2822 996 2886 collisiones
1013 2845 1194 2906 regnorum,
1210 2838 1241 2887 et
1257 2847 1369 2909 quam-

412 2926 550 3014 plu'rima
564 2924 698 2990 adversa
711 2927 801 2990 terris
813 2926 1016 3010 proveniunt,
1029 2948 1068 2988 ex
1085 2949 1122 2987 eo
1134 2924 1221 3011 quod
1235 2926 1368 2993 honores

410 3027 624 3092 Ecclesiastici
644 3028 685 3092 ad
704 3029 858 3114 precium,
875 3026 925 3090 vel
945 3027 1116 3091 humanam
1136 3027 1272 3112 gratiam
1295 3051 1369 3096 con-

412 3129 559 3194 feruntur
575 3132 716 3215 personis
732 3150 793 3192 non
810 3128 939 3191 meritis.
971 3128 1004 3192 Si
1020 3127 1108 3190 dicas
1124 3128 1225 3190 Onam
1242 3150 1368 3214 percus-

412 3255 481 3296 sum
498 3256 518 3295 a
534 3232 685 3307 Domino,
697 3255 734 3294 eo
749 3231 836 3316 quod
853 3252 957 3292 arcam
974 3243 1138 3293 nutantem
1156 3232 1368 3314 praesumebat

413 3335 539 3420 erigere.
574 3337 605 3400 Si
621 3347 773 3419 regnante
784 3335 865 3397 Ozia
878 3356 951 3417 rege
965 3333 1098 3418 leproso,
1111 3333 1233 3396 siluisse
1249 3333 1368 3402 dixeris

411 3437 589 3515 Esaiam,et
601 3462 639 3500 eo
651 3450 777 3500 mortuo
785 3435 898 3499 vidisse
913 3435 1085 3498 Dominum
1097 3434 1258 3498 sedentem
1270 3458 1366 3522 super

412 3537 527 3601 solium
537 3539 707 3604 excelsum.
741 3538 773 3600 Si
782 3537 902 3602 dixeris
911 3559 1006 3599 onera
1019 3536 1213 3601 tabernaculi
1227 3537 1367 3605 humeris

411 3650 442 3703 et
457 3637 609 3723 plaustris
630 3639 817 3702 Levitarum
841 3636 998 3701 duntaxat
1021 3636 1194 3715 imminere,
1211 3650 1242 3704 et
1263 3639 1288 3703 si
1305 3665 1369 3727 qua

411 3739 541 3804 suntin
566 3738 634 3825 lege
657 3738 720 3805 Dei
742 3739 867 3815 similia,
887 3740 965 3802 bene
989 3751 1102 3824 agetur
1125 3753 1239 3820 tecum,
1255 3744 1281 3806 si
1305 3767 1367 3810 non

411 3839 579 3907 mutilatus
595 3839 769 3905 retrudaris
785 3841 815 3903 iu
839 3863 1007 3917 carcerem,
1023 3855 1079 3904 ant
1096 3840 1127 3904 in
1148 3842 1278 3907 exilium
1295 3868 1368 3931 pro-

411 3944 546 4028 pellaris.
591 3943 746 4029 Undique
772 3942 1027 4022 conclamaberis,
1049 3957 1081 4006 et
1106 3955 1168 4006 tam
1196 3946 1367 4025 ambitiosi,

412 4067 508 4132 quam
526 4046 668 4109 fautores
683 4068 791 4109 eorum
808 4058 960 4109 extremm
982 4044 1193 4107 damnationis
1216 4047 1289 4111 vitae
1307 4071 1368 4112 non

412 4149 606 4212 terebantur
621 4148 704 4211 ferre
720 4148 916 4212 seutentiam.
948 4148 1058 4211 Unum
1076 4160 1179 4210 tamen
1193 4147 1368 4213 remedium

414 4249 472 4314 tibi
498 4248 657 4316 Dominus
680 4249 876 4335 procurabit,
892 4247 979 4334 quod
996 4248 1151 4333 cujusque
1173 4247 1324 4329 sapientis
1340 4265 1371 4314 et

416 4352 558 4416 timentis
576 4351 680 4413 Deum
696 4350 887 4413 conscientia
903 4362 1052 4411 consonat
1069 4347 1173 4410 verbis
1189 4343 1262 4409 tuis.
1294 4351 1373 4421 lude
