3550 5467
406 734 479 777 cae.
498 717 593 796 vnn]
764 732 1017 777 consonamus.
1309 716 1367 777 cal

406 884 488 948 hora
503 882 569 947 diei
593 907 675 948 nona
695 885 770 959 fere,
789 908 887 969 usque
907 882 946 946 ad
966 884 1185 947 duodecimam
1209 887 1320 965 noctis,
1334 904 1366 950 et

405 986 467 1049 hoc
482 986 616 1072 quidem
629 999 769 1072 ternpore
780 985 954 1073 aequidiali,
968 1000 1128 1071 protracta
1143 1002 1202 1050 est.
1234 989 1272 1050 ln
1285 988 1365 1051 hanc

406 1088 520 1172 itaque
551 1089 730 1152 Canusinus
754 1088 878 1172 hospes,
905 1087 1285 1173 Constantinopolitanae,
1303 1093 1364 1153 Ba-

405 1188 583 1275 bylonicas,
596 1189 838 1267 Alexandrinas,
850 1189 1048 1268 Palaestinas,
1057 1189 1277 1274 Tripolitanis,
1290 1195 1364 1254 Bar-

407 1291 571 1368 bamrnm,
594 1293 702 1375 Syros,
730 1291 971 1375 Phoeniciasque
994 1293 1150 1375 congessit
1174 1291 1310 1367 delitias,
1329 1316 1364 1355 ac

409 1391 434 1454 si
443 1391 562 1469 Sicilia,
576 1391 736 1465 Calabria,
746 1391 877 1476 Apulia,
888 1393 1128 1478 campaniaque
1138 1394 1364 1457 nonsulliciant

407 1493 591 1557 convivium
615 1494 771 1557 instruere
795 1491 978 1554 delicatum.
1025 1494 1156 1578 Copiam
1175 1516 1292 1568 rerum,
1308 1495 1365 1556 mi·

409 1595 533 1660 nisterii
546 1595 757 1681 disciplinam,
772 1593 971 1658 sedulitatem
985 1594 1140 1680 obsequii,
1154 1596 1364 1660 urbanitatem

409 1697 546 1784 hospitis
556 1697 723 1783 pleniuset
737 1695 848 1759 melius
861 1696 974 1759 referet
990 1697 1036 1758 vir
1052 1695 1221 1780 singularis
1236 1697 1365 1782 eloquii,

406 1812 440 1862 et
456 1800 512 1886 qui
529 1799 688 1878 omnibus,
700 1823 781 1881 quos
793 1797 936 1871 viderim,
951 1797 1047 1861 trium
1064 1799 1245 1883 linguarum
1262 1800 1366 1883 gratia

407 1915 553 1986 praestat.
579 1901 610 1965 ls
622 1899 1358 1988 quidemest,IohannestliesaurariusEboraci.

408 2005 493 2069 Nam
504 2020 535 2070 et
547 2006 614 2092 ipse
627 2004 780 2069 interfuit.
822 2003 894 2083 Sed,
912 2003 999 2090 quod
1011 2006 1076 2068 sine
1090 2006 1205 2072 rubore
1222 2007 1361 2072 fidelium

409 2107 473 2173 dici
490 2109 538 2172 vel
555 2109 660 2173 audiri
678 2132 738 2172 non
756 2106 1077 2193 potest,infidelibus,
1094 2123 1175 2173 teste
1188 2112 1364 2192 Macrobio,

410 2209 504 2297 plura
535 2210 641 2296 turpia
670 2223 701 2273 et
733 2209 897 2274 luxuriosa
927 2209 1127 2285 videbantur,
1158 2234 1230 2296 quae
1260 2216 1364 2277 secnlo

408 2328 518 2378 nostro
544 2313 682 2399 placent,
706 2328 738 2378 et
763 2312 925 2376 obtinente
951 2312 1043 2392 luxu,
1065 2316 1233 2398 magnifica
1254 2317 1362 2402 appel·

410 2415 527 2482 lentur.
575 2420 657 2481 Nam
674 2416 780 2481 Titius
794 2415 825 2477 in
843 2415 985 2479 suasione
1000 2415 1078 2500 legis
1103 2418 1233 2482 Fanniae
1255 2419 1364 2502 objicit

409 2515 517 2581 seculo
532 2539 600 2596 sno,
620 2516 706 2603 quod
723 2539 853 2602 porcum
877 2518 1052 2601 Trojanum
1079 2517 1192 2582 mensis
1207 2519 1364 2598 inferant,

410 2641 507 2704 quem
531 2619 578 2683 illi
601 2619 674 2683 ideo
696 2620 740 2683 sic
762 2619 931 2693 vocabant,
954 2617 1044 2705 quasi
1068 2618 1137 2681 aliis
1152 2620 1280 2683 inclusis
1301 2621 1367 2683 ani·

411 2722 548 2787 malibus
562 2720 744 2808 gravidum,
760 2723 842 2785 sicut
858 2722 1021 2807 Trojanus
1036 2719 1087 2783 ille
1101 2745 1204 2806 equus
1213 2722 1365 2806 gravidus

409 2824 541 2888 armatis
555 2824 628 2889 fuit.
673 2826 805 2891 Coenam
819 2821 1065 2886 Trimalchionis
1080 2821 1165 2907 apud
1182 2825 1362 2887 Petronium

410 2925 435 2988 si
459 2939 563 3011 potes,
584 2925 761 3012 ingredere,
791 2939 822 2990 et
846 2947 977 3011 porcum
1008 2925 1052 2987 sic
1081 2922 1240 3008 gravidari
1271 2948 1363 3010 posse

411 3027 587 3104 miraberis,
602 3029 660 3092 nisi
683 3029 766 3093 forte
781 3026 1023 3093 admirationem
1048 3023 1228 3111 multiplex,
1244 3026 1365 3110 ignota,

408 3139 442 3191 et
465 3128 612 3195 inaudita
633 3131 762 3195 luxuria
785 3131 886 3195 tollat.
931 3132 976 3194 Et
999 3128 1101 3192 multa
1123 3128 1265 3214 quidem,
1290 3153 1363 3215 quae

410 3251 468 3294 nos
499 3254 559 3295 usu
590 3233 640 3296 vel
662 3233 766 3298 abusu
790 3232 893 3296 edocti
918 3254 979 3294 non
1004 3231 1168 3307 miramur,
1199 3234 1266 3295 visa
1288 3249 1362 3297 sunt

408 3331 607 3415 admiranda,
622 3339 687 3400 imo
703 3349 733 3400 et
750 3338 909 3422 stupenda
925 3332 1108 3419 majoribus.
1155 3338 1236 3398 Nam
1248 3349 1280 3399 et
1293 3358 1364 3420 por-

408 3455 482 3498 cum
501 3435 569 3520 jam
585 3459 647 3499 non
663 3437 850 3522 Trojanum,
869 3436 922 3500 sed
940 3434 1151 3500 domesticum
1167 3434 1315 3512 dicimus,
1331 3452 1363 3502 et

408 3536 440 3599 in
462 3537 548 3601 hunc
571 3538 703 3602 modum
722 3538 866 3602 faciendo
888 3536 1125 3624 quamplurima
1145 3537 1278 3602 facimus
1298 3563 1364 3603 esse

412 3636 566 3722 Trojana.
611 3639 708 3703 Unde
731 3643 777 3704 M.
802 3643 906 3703 Varro
928 3641 964 3703 in·
990 3637 1072 3703 libro
1094 3641 1188 3703 tertio
1210 3640 1250 3703 de
1279 3642 1364 3726 agri·

409 3737 552 3805 cultura:
571 3743 644 3805 Hoc
652 3765 894 3829 quoquenuper
906 3743 1086 3806 institutum
1103 3755 1161 3816 est,
1179 3744 1315 3826 saginari
1330 3761 1361 3809 et

410 3841 648 3930 lepores‚quum
656 3857 831 3930 exceptose
843 3842 998 3930 leporario
1007 3845 1197 3908 concludant
1209 3845 1240 3908 in
1248 3847 1362 3921 caveis,

406 3958 439 4008 et
454 3943 524 4009 loco
538 3945 647 4010 clauso
662 3945 779 4009 faciant
795 3945 939 4031 pingues.
985 3944 1047 4011 Sed
1064 3960 1095 4009 et
1111 3947 1252 4010 cochleas
1268 3946 1365 4010 luxus

408 4048 512 4114 effecit
528 4050 699 4135 saginatas.
746 4051 826 4112 Haec
842 4052 953 4113 Varro.
1000 4047 1089 4112 Nihil
1105 4065 1211 4111 autem
1228 4047 1360 4110 istorum

410 4149 504 4216 luxus
523 4151 590 4237 jam
622 4150 718 4214 habet
741 4161 860 4221 notam,
891 4148 944 4212 sed
969 4164 1016 4210 est
1042 4147 1204 4212 civilitatis
1227 4146 1362 4227 insigne,

414 4252 569 4339 quicquid
587 4250 780 4315 incentivum
798 4262 843 4311 est
861 4248 956 4333 gnlae.

453 4475 524 4521 vot„
542 4474 585 4519 tv.
877 4470 898 4514 lt
