3550 5467
408 695 555 781 cram]
743 712 995 761 noavcarrrcus.
1319 701 1359 762 at

406 868 486 931 nihil
521 867 656 932 omnino
690 878 811 930 tentare
847 868 933 948 licet,
968 867 1029 931 nisi
1062 867 1154 934 ducis
1183 869 1278 953 jussu
1311 874 1360 937 vel

406 970 548 1046 licentia,
571 969 660 1053 quod
683 969 750 1052 ipse
773 969 954 1034 laciendum
977 970 1162 1050 decreverit,
1184 975 1360 1040 roboretur.

407 1072 505 1137 Unde
527 1074 562 1134 hi
584 1074 784 1157 plerumque,
800 1073 856 1155 qui
878 1073 997 1137 ducum
1019 1085 1204 1158 contempto
1224 1079 1272 1140 vel
1295 1098 1358 1140 uon

407 1186 582 1260 expectato
619 1175 763 1259 imperia,
792 1176 1033 1257 congredientes
1069 1197 1142 1240 cum
1179 1178 1269 1242 hoste
1302 1181 1361 1243 rei·

406 1280 549 1362 publicar
562 1278 725 1340 victoriam
741 1279 954 1357 contulerunt,
966 1300 1051 1363 saepe
1067 1301 1131 1342 non
1147 1291 1212 1343 tam
1227 1282 1359 1363 gloriam

408 1380 572 1461 assequuti
595 1391 671 1441 sunt
693 1379 733 1442 de
756 1380 900 1456 victoria,
921 1401 1016 1463 quam
1040 1380 1080 1444 de
1103 1383 1289 1460 temeritate,
1312 1385 1361 1447 rel

409 1481 605 1562 negligentia
620 1501 759 1563 poenam.
806 1478 893 1552 Quid
908 1502 985 1562 ergo
1001 1484 1173 1546 merebitur
1188 1484 1360 1567 transfuga,

410 1583 594 1646 stationisve
623 1582 773 1659 desertor,
795 1582 822 1645 si
850 1604 890 1645 ex
919 1582 1091 1667 disciplina
1118 1586 1247 1649 militari
1275 1596 1362 1652 tanta

410 1685 575 1747 severitate
590 1683 761 1765 corripitur
774 1682 1005 1767 triumphator?
1031 1687 1071 1748 ln
1086 1688 1362 1768 strategematibus

409 1785 487 1851 Julii
510 1784 670 1847 invenitur
687 1782 880 1848 Clearcbum
903 1785 1222 1849 Lacedaemoniorum
1245 1786 1363 1850 ducem

410 1887 543 1959 dixisse,
555 1887 777 1971 imperatorem
792 1886 950 1949 exercitui
965 1887 1073 1970 potius
1087 1887 1266 1953 timendum
1282 1910 1363 1967 esse,

411 2010 504 2071 quam
522 1989 657 2064 hostem,
672 2009 710 2050 eo
726 1987 813 2071 quod
830 1988 883 2071 qui
902 1988 933 2048 in
955 1989 1064 2070 praelio
1080 1986 1208 2053 dubiam
1228 2001 1360 2055 mortem

410 2091 591 2168 timuerant,
606 2111 662 2153 eos
684 2090 819 2152 statione
842 2089 954 2151 relicta
976 2101 1096 2152 certum
1121 2090 1270 2154 manebat
1285 2112 1360 2176 sup-

409 2193 553 2278 plicium.
613 2191 651 2253 L.
682 2190 827 2273 Popilius
858 2189 989 2264 Cursor,
1019 2190 1155 2252 Fabium
1191 2191 1360 2270 Rutilium,

410 2295 596 2375 magistrum
632 2292 787 2375 equitum,
819 2289 905 2375 quod
942 2290 1093 2354 adversus
1126 2290 1247 2355 dictum
1280 2293 1362 2379 ejus,

410 2396 557 2482 quamvis
584 2414 748 2478 prospare,
770 2402 976 2475 pugnaverat,
999 2393 1095 2472 virgis
1124 2394 1273 2477 poposcit
1299 2382 1361 2458 cae'·

410 2521 491 2575 sum,
505 2497 610 2561 securi
625 2516 843 2580 percussurae,
855 2516 916 2559 nec
930 2495 1127 2558 contentioni
1142 2505 1197 2558 aut
1211 2499 1361 2579 precibus

410 2601 549 2664 militum
572 2599 734 2663 concessit
756 2597 1075 2674 animadversionem,
1095 2619 1231 2681 eumque
1254 2600 1361 2682 prosu-

410 2703 550 2785 gientcm
566 2701 703 2764 Romam
719 2712 927 2783 persequutus
943 2711 992 2764 est
1001 2722 1010 2775 3
1033 2720 1092 2762 nec
1109 2699 1153 2761 ibi
1169 2699 1298 2780 quidem
1314 2722 1362 2764 re·

410 2804 519 2868 missio
541 2803 631 2886 prius
652 2801 805 2885 supplicii
828 2812 926 2879 metu,
942 2822 1038 2884 quam
1054 2800 1097 2863 ad
1117 2821 1222 2881 genua
1236 2801 1315 2886 ejus,
1330 2812 1363 2867 et

411 2906 530 2969 Fabius
552 2926 626 2968 cum
649 2915 739 2985 patre
761 2904 1009 2986 provolveretur,
1032 2912 1065 2965 et
1086 2902 1203 2985 pariter
1225 2903 1362 2970 Senatus

411 3030 448 3072 ac
468 3008 610 3092 pupulus
633 3017 788 3087 rogarent.
833 3006 878 3069 Et
894 3027 935 3068 ne
952 3027 1025 3068 eum
1042 3005 1154 3069 credas
1170 3007 1230 3069 hoc
1247 3007 1362 3072 fecisse

411 3131 453 3174 ex
475 3109 551 3173 odio
573 3108 776 3192 praecedenti,
798 3108 953 3182 Manlius,
974 3109 1026 3170 cui
1052 3108 1227 3191 Imperioso
1250 3121 1363 3191 postea

411 3232 591 3293 cognomen
607 3211 676 3287 luit,
693 3209 805 3286 filium,
821 3208 907 3293 quod
928 3209 956 3271 is
972 3218 1081 3271 contra
1096 3207 1236 3272 edictum
1253 3211 1363 3292 patris,

412 3334 486 3377 cum
515 3312 607 3375 hoste
634 3322 839 3393 pugnaverat,
865 3309 1011 3392 quamvis
1041 3308 1200 3382 victorem,
1224 3309 1256 3372 in
1286 3331 1364 3374 con·

411 3430 523 3497 spectu
538 3413 701 3477 exercitus
715 3412 811 3491 virgis
826 3433 956 3488 caesum,
967 3412 1070 3475 securi
1086 3413 1251 3495 percussit.
1288 3415 1363 3480 Fuit

410 3528 517 3582 sutem
532 3515 707 3598 disciplina
721 3512 864 3578 militaris
873 3514 958 3579 sicut
972 3515 1158 3597 reipublicae
1169 3519 1362 3596 necessaria,

410 3619 512 3682 itaet
537 3618 688 3681 omnibus
717 3616 866 3697 gratiosa,
889 3615 971 3680 adeo
997 3616 1128 3698 quidem
1157 3627 1193 3680 ut
1218 3620 1362 3685 Manlius

411 3718 507 3795 filius,
530 3739 590 3801 pro
616 3738 651 3779 se
676 3715 827 3782 adversus
852 3731 972 3799 patrem
1000 3718 1145 3780 exercitu
1170 3718 1362 3789 seditionem

410 3830 553 3902 parante,
575 3817 737 3898 negaverit
763 3815 843 3879 tanti
866 3836 937 3878 esse
961 3817 1152 3900 quempiam,
1176 3827 1212 3880 ut
1233 3833 1364 3903 propter

410 3925 499 3987 illum
524 3933 779 4004 corrumperetur
808 3920 980 4003 disciplina
1003 3921 1135 3997 militiae,
1158 3931 1190 3983 et
1214 3923 1363 4002 obtinuit,

411 4033 446 4090 ut
461 4026 570 4108 ipsum
585 4022 692 4106 puniri
708 4033 899 4105 paterentur.
937 4021 1060 4106 Appius
1076 4021 1231 4086 Claudius
1246 4046 1289 4087 ex
1304 4026 1365 4103 his,

412 4123 465 4208 qui
481 4127 555 4188 loeo
571 4133 744 4195 cesserant,
761 4121 921 4185 decimum
943 4143 1102 4206 quemque
1122 4123 1256 4185 militem
1279 4137 1363 4187 sorte

414 4228 555 4302 ductum,
570 4225 658 4287 suste
672 4225 837 4306 percussit.
884 4225 1002 4288 Fabius
1024 4225 1162 4288 Rutilius
1183 4225 1305 4297 consul,
1320 4244 1362 4286 ex

415 4326 536 4394 duabus
549 4324 748 4406 legionibus,
763 4348 834 4410 quae
855 4327 928 4389 loco
944 4336 1115 4403 cesserant,
1132 4324 1262 4386 vicenos
1282 4337 1364 4386 sorte
