3550 5467
407 770 474 817 cte.
491 752 531 836 1.]
756 770 1012 817 mercasrrcus.
1298 762 1355 820 201

404 924 456 986 ubi
479 926 566 987 male
588 925 675 989 dicta
696 925 863 1001 invenerit,
883 925 1026 988 sincerus
1042 923 1159 1007 judex,
1176 932 1207 987 et
1227 945 1288 988 nec
1311 927 1360 990 in·

405 1024 511 1103 vidiae,
537 1048 600 1090 neo
626 1026 703 1104 odii,
725 1046 785 1089 nec
811 1027 940 1089 alterius
965 1026 1145 1089 affectionis
1170 1037 1260 1089 motu
1285 1049 1361 1091 con·
1442 1054 1451 1069 ·

405 1146 531 1202 cussus,
551 1126 770 1190 testimonium
793 1123 833 1186 de
855 1127 939 1189 malo
960 1126 1135 1210 perhibeat,
1151 1137 1184 1189 et
1204 1126 1259 1189 ubi
1278 1128 1361 1190 bene

406 1226 530 1306 dixero,
544 1251 612 1291 non
628 1249 679 1291 me
694 1226 807 1292 caedat.
846 1227 933 1290 Mihi
955 1238 1063 1291 tamen
1078 1248 1137 1311 pro
1157 1227 1289 1291 minimo
1304 1239 1363 1306 est,

406 1329 432 1392 si
447 1328 646 1393 innocentiae
662 1351 742 1392 meae
758 1329 858 1412 gratis
879 1328 1054 1392 detrahitur
1067 1351 1086 1392 a
1100 1330 1265 1413 perversis,
1282 1352 1364 1413 quos

407 1430 572 1495 emendari
588 1432 715 1505 vellem,
731 1432 759 1494 si
779 1453 830 1495 me
845 1441 952 1494 tamen
972 1431 1179 1512 benignitatis
1192 1441 1256 1494 ture
1276 1433 1364 1496 lavor

406 1533 584 1617 exceperit.
611 1533 772 1617 Quicquid
782 1545 887 1597 autem
900 1530 1139 1615 apraesentibus
1148 1533 1260 1616 patiar,
1270 1556 1363 1616 spero

405 1645 537 1698 auctore
559 1636 641 1708 Deo,
657 1646 690 1699 et
711 1636 852 1713 caritate,
867 1653 932 1718 qua
952 1655 1064 1715 urgeor
1084 1632 1125 1698 ad
1149 1635 1365 1714 scribendum,

406 1734 486 1797 milri
502 1746 674 1820 praestante
694 1735 858 1813 fiduciam,
874 1735 961 1820 quod
976 1735 1076 1799 labori
1098 1757 1170 1799 meo
1186 1737 1284 1820 gratia
1298 1759 1363 1800 non

407 1836 510 1901 deerit
524 1848 733 1920 posterorum.
764 1838 850 1902 Odio
866 1837 1037 1922 siquidem,
1051 1840 1102 1901 vel
1118 1859 1235 1916 amore,
1246 1837 1279 1900 in
1294 1859 1366 1922 par·

407 1950 473 2001 tem
487 1941 670 2003 alterutram
690 1941 895 2026 praesentium
916 1942 1101 2023 plerumque
1115 1939 1243 2024 judicia
1261 1941 1365 2022 prola·

406 2041 539 2105 buntur.
578 2043 670 2105 Nihil
691 2042 842 2126 equidem
863 2043 1013 2127 praesenti
1032 2041 1120 2126 operi
1135 2063 1176 2104 ex
1198 2042 1364 2126 proposito

406 2140 572 2223 inseretur,
599 2144 688 2227 quod
716 2166 782 2207 non
807 2145 849 2207 sit
880 2145 1013 2224 ratione,
1039 2145 1086 2207 vel
1115 2143 1365 2228 praecedentium

407 2245 599 2328 scriptorum
620 2247 813 2310 auctoritate
836 2246 1019 2310 subnixum.
1058 2246 1097 2308 Iu
1121 2245 1238 2330 quibus
1257 2255 1365 2309 tamen

410 2346 488 2433 quid
510 2348 714 2432 sequendum
737 2349 790 2428 sit,
809 2350 938 2413 lectoris
958 2349 1154 2433 relinquetur
1171 2347 1311 2425 arbitrio,
1331 2356 1368 2410 ut

408 2452 520 2536 procul
536 2473 557 2515 a
574 2454 706 2516 nomine
724 2474 796 2516 meo
819 2453 931 2516 seciam
955 2452 1078 2529 vitium,
1093 2463 1126 2516 et
1147 2462 1256 2515 notam
1278 2473 1367 2515 men·

410 2550 520 2615 tiendi.
552 2552 617 2615 Sed
632 2553 704 2616 haec
719 2553 883 2616 hactenus.
915 2554 1011 2615 Nunc
1026 2565 1222 2615 transeamus
1237 2552 1270 2612 in
1285 2551 1366 2633 Epi-

409 2675 577 2719 cureomm
599 2666 712 2731 castra,
726 2665 759 2717 et
775 2652 860 2737 quod
884 2652 930 2714 ibi
951 2673 1010 2735 pro
1033 2664 1120 2715 certo
1140 2651 1236 2714 suerit
1255 2652 1368 2733 explo-

409 2769 525 2831 ratum,
540 2758 574 2819 in
590 2755 731 2819 medium
748 2755 932 2839 proseratur.
963 2752 1047 2816 Nam
1063 2752 1106 2815 ad
1120 2773 1228 2815 eorum
1245 2762 1367 2815 sectam

410 2857 630 2922 indubitanter
645 2859 798 2942 pertinere
814 2869 1004 2931 noscuntur,
1016 2854 1071 2939 qui
1086 2855 1118 2918 in
1135 2853 1286 2917 omnibus
1298 2874 1368 2938 pro·

410 2961 488 3045 prim
504 2960 646 3024 serviunt
659 2959 825 3022 voluntati.

413 3227 495 3312 Cap.
514 3231 542 3290 l.
568 3226 660 3300 Quod
672 3226 875 3290 Gnathonica
890 3225 994 3288 subest
1013 3225 1262 3288 Thrasoniunoe:
1285 3226 1371 3289 etde

453 3335 570 3411 reptem
580 3327 819 3411 principalibus
833 3328 932 3401 uitiis,
945 3336 976 3390 et
991 3327 1117 3409 sequela
1129 3346 1247 3400 eorum,
1259 3347 1370 3391 seeun-

455 3431 535 3494 dum
562 3429 690 3494 beatum
719 3429 927 3509 Gregorium:
962 3435 992 3492 et
1018 3430 1104 3511 quod
1131 3429 1244 3493 inanis
1265 3431 1370 3513 gloria

455 3530 591 3601 nobilem
607 3530 699 3594 tabet
712 3536 826 3592 ortum.

458 3661 498 3723 lu
529 3668 598 3723 tota
631 3680 707 3739 ergo
738 3657 972 3741 Epicureorum
1003 3655 1122 3720 familia
1156 3658 1291 3742 insignis
1320 3672 1369 3725 est

414 3748 558 3836 Thras03
590 3772 622 3824 et
650 3761 727 3823 licet
751 3780 818 3822 non
843 3758 958 3822 exierit
983 3758 1116 3842 primus,
1142 3770 1197 3823 eut
1226 3761 1368 3824 omnium

414 3861 535 3944 primus
554 3860 725 3924 habendus
745 3870 805 3938 est,
820 3869 955 3923 autnon
971 3860 1123 3922 minimus
1138 3860 1222 3923 inter
1238 3863 1367 3944 primos.

413 3963 455 4027 Ei
480 3984 632 4047 namque,
658 3962 735 4025 licet
759 3962 889 4045 ineptus
920 3962 972 4041 sit,
999 3974 1065 4026 tota
1091 3961 1370 4026 Gnathonicorum

416 4065 512 4130 tactio
527 4066 707 4129 famulatur.
745 4065 790 4129 Et
806 4066 885 4127 sorte
901 4064 1055 4129 Comicus
1074 4062 1149 4127 ideo
1165 4062 1370 4127 Gnathonem

368 4211 371 4219 ,
415 4166 592 4231 introduxit
621 4188 745 4231 servum
771 4167 881 4230 militis
912 4166 1052 4247 gloriosi,
1075 4178 1111 4229 ut
1137 4167 1298 4246 eleganter
1324 4163 1371 4225 in-

416 4283 537 4345 nueret,
554 4269 705 4354 quoniam
720 4282 753 4332 et
774 4270 806 4332 in
827 4269 891 4332 vita
912 4268 1075 4331 hominum
1098 4266 1177 4330 etin
1197 4264 1369 4328 assertione

418 4393 540 4436 morum
551 4374 663 4436 subest
673 4371 881 4435 Gnathonica
889 4369 1130 4433 Thrasoniano.
1151 4368 1256 4430 Altera
1265 4375 1370 4428 tamen
