3550 5467
281 757 357 800 cae.
375 736 452 815 vra]
665 753 920 800 eonvcasrrous.
1179 744 1242 803 285

282 918 370 970 sunt.
418 903 579 970 Antonius
604 904 662 968 etsi
689 904 767 969 nulli
792 905 981 991 sumpturiae
1003 904 1065 990 legi
1089 905 1240 990 patuerit,

283 1008 389 1092 legem
407 1019 514 1071 tamen
530 1005 570 1069 de
590 1005 774 1071 cohibendis
797 1008 979 1092 sumptibus
1000 1006 1085 1073 tulit.
1133 1005 1241 1078 Homo

283 1109 421 1196 quidem
442 1108 639 1186 temerarius,
663 1108 718 1173 sed
740 1132 837 1176 manu
859 1109 1029 1187 invalidus,
1050 1124 1084 1175 et
1104 1107 1241 1178 luxuriae

282 1211 419 1276 deditus
442 1232 684 1297 usquequaque,
701 1224 955 1296 sumptuumque
976 1211 1100 1288 merito,
1118 1212 1241 1298 Magno

285 1312 441 1399 Pompeio
463 1315 612 1376 successit
633 1337 674 1378 ex
696 1312 823 1380 decreto
847 1314 915 1379 Caii
934 1313 1087 1378 Caesaris:
1112 1315 1153 1379 de
1175 1338 1242 1401 quo

286 1414 524 1501 triumphatore
538 1413 634 1493 orbis,
650 1414 720 1479 vilis
734 1415 893 1491 adulator,
909 1428 941 1480 et
956 1415 1052 1479 homo
1073 1416 1160 1480 vitiis
1175 1439 1240 1480 sor·

286 1515 385 1582 didus
411 1513 634 1600 triumphavit.
681 1517 805 1603 Captus
831 1529 878 1580 est
906 1530 1011 1581 tamen
1043 1519 1152 1582 Caesar
1179 1517 1241 1580 vir·

286 1615 367 1680 tutis
393 1614 541 1699 imagine,
564 1615 706 1700 eoquod
732 1615 916 1702 profusione
937 1618 1090 1702 peournae,
1115 1629 1147 1681 et
1166 1640 1241 1683 cou-

285 1716 559 1791 viscerationibus,
585 1731 618 1782 et
639 1720 811 1796 latronum,
833 1731 864 1781 et
895 1716 1084 1782 histrionum
1110 1718 1240 1805 stipatu,

285 1821 476 1904 magnificus
498 1819 674 1905 vulgariter
697 1820 876 1885 videbatur.
921 1821 1011 1905 Ergo
1032 1821 1112 1886 bene
1134 1824 1241 1906 agitur

283 1946 357 1987 cum
383 1922 581 2011 principibus
602 1921 821 2008 popularibus,
844 1925 899 2006 qni
922 1945 961 1986 ex
985 1922 1170 1988 necessitate
1192 1945 1243 1988 co·

285 2040 420 2107 guntur,
444 2021 485 2085 ad
513 2022 689 2087 custodiam
715 2022 820 2101 famoe,
848 2020 1004 2086 vilissimis
1030 2022 1241 2089 nebulonibus

286 2125 425 2189 adulari.
471 2124 554 2188 Nam
574 2125 606 2187 in
629 2124 790 2209 republica
810 2146 902 2188 nemo
930 2138 1147 2211 tyrannorum,
1169 2128 1240 2193 Cae·

287 2251 356 2291 sare
376 2228 479 2311 magis
498 2230 628 2292 accessit
648 2228 687 2292 ad
713 2227 897 2312 principem.
943 2228 1035 2293 Licet
1056 2229 1138 2292 enim
1161 2252 1242 2294 rem-

288 2329 449 2416 publicam
462 2330 680 2416 oppressisset,
691 2329 829 2414 populus
844 2343 948 2394 tamen
960 2331 1125 2395 Romanus
1135 2330 1242 2394 omnia

287 2455 363 2517 quae
386 2431 454 2516 ipse
475 2429 669 2506 decreverat,
689 2432 890 2518 approbavit,
912 2432 994 2497 forte
1017 2433 1137 2497 veritus
1159 2432 1241 2498 sedi-

287 2533 418 2608 tionem,
434 2548 466 2598 et
482 2533 583 2598 civilis
603 2533 677 2599 belli
699 2532 868 2598 recidivam
893 2534 1078 2621 passionem.
1124 2534 1242 2619 Opinio

288 2650 395 2699 tamen
418 2636 598 2721 praevaluit,
617 2650 651 2699 ut
673 2636 751 2720 quia
771 2657 894 2700 summa
909 2637 1040 2710 virtute,
1056 2634 1089 2698 id
1112 2648 1158 2698 est
1179 2632 1241 2697 cle·

288 2735 420 2814 mentia,
435 2736 590 2823 proeditus
605 2738 721 2814 fuerat,
737 2750 858 2801 statuta
880 2737 948 2820 ejus
967 2735 1055 2819 quasi
1071 2758 1111 2799 ex
1128 2757 1242 2820 magna

287 2854 382 2926 parte
397 2840 584 2926 benigniora
605 2845 743 2926 populus
762 2840 963 2926 approbaret.
1009 2838 1105 2904 Unde
1126 2842 1158 2904 in
1174 2838 1242 2904 lau·

288 2941 361 3005 dem
386 2942 456 3026 ejus
483 2942 594 3005 Cicero
614 2941 671 3008 ait:
714 2941 813 3006 Nulla
837 2940 878 3004 de
904 2939 1078 3007 virtutibus
1098 2938 1163 3005 tuis
1185 2963 1241 3005 nec

287 3041 517 3118 admirabilior,
547 3065 604 3106 nec
632 3044 761 3128 gravior
791 3041 1005 3107 misericordia
1034 3054 1090 3107 cst.
1146 3043 1239 3108 Pium

287 3166 366 3228 ergo
381 3144 521 3209 animum
537 3146 675 3230 egregiae
690 3144 819 3211 virtutis
834 3144 970 3228 imagine
986 3143 1077 3208 facile
1092 3142 1242 3230 supplan-

289 3246 372 3310 tavit
389 3247 562 3311 Antonius.
603 3248 666 3311 Hic
681 3247 777 3323 euim,
793 3267 892 3332 quum
908 3245 1063 3332 quicquid
1079 3248 1170 3322 mari,
1185 3258 1241 3310 aut

289 3362 387 3424 terra,
409 3361 466 3412 aut
489 3349 583 3412 etiam
607 3348 688 3412 coelo
710 3351 909 3434 gigneretur,
931 3349 972 3412 ad
997 3347 1171 3412 satiandam
1195 3346 1242 3411 in·

287 3446 438 3533 gluviem‘
457 3472 546 3513 suam
574 3462 684 3516 natum
709 3449 905 3526 existimans,
932 3447 1077 3512 faucibus
1106 3471 1143 3512 ac
1168 3447 1244 3512 den-

289 3549 378 3614 tibus
394 3551 459 3615 suis
474 3550 638 3628 subderet,
653 3574 753 3636 eaque
772 3574 806 3614 re
827 3562 943 3636 captus
962 3550 1003 3615 de
1025 3553 1169 3615 Romano
1184 3550 1242 3614 im-

288 3650 378 3738 perio
407 3651 511 3715 lacere
538 3650 631 3716 vellet
658 3652 849 3740 AEgyptinm
874 3674 1023 3738 regnum:
1071 3652 1242 3740 Cleopatra

290 3776 385 3830 uxor,
404 3777 478 3839 quae
499 3753 581 3818 vinei
603 3777 622 3817 a
643 3755 795 3820 Romanis
815 3778 872 3819 nec
895 3755 1025 3820 luxuria
1045 3754 1242 3839 dignaretur,

289 3856 459 3940 sponsione
473 3859 657 3942 provocavit
677 3857 835 3922 insumere
854 3882 887 3923 se
909 3881 1001 3945 posse
1021 3857 1052 3922 in
1069 3880 1164 3923 unam
1180 3879 1243 3922 coe·

289 3980 361 4021 nam
375 3958 556 4023 sestertium
571 3957 697 4023 centies.
732 3957 770 4023 Id
785 3973 833 4024 est
847 3961 960 4026 mirum
977 3961 1113 4026 Antonio
1128 3960 1241 4024 visum.

291 4060 360 4124 Nec
393 4072 537 4122 moratus
566 4059 731 4144 sponsione
763 4060 934 4126 contendit.
981 4061 1109 4145 Dignus
1137 4057 1244 4123 culina

282 4160 471 4235 ,Numacius
487 4157 636 4235 Plancus,
648 4159 705 4244 qui
722 4173 786 4223 tam
799 4161 921 4225 honesti
933 4159 1113 4224 certaminis
1125 4155 1244 4221 arbiter

288 4262 411 4327 electus
433 4274 492 4325 est.
538 4260 649 4324 Altera
669 4258 721 4323 die
741 4260 912 4346 Cleopatra
934 4275 1117 4344 pertentans
1140 4259 1244 4320 Anto·

290 4365 392 4444 nium,
418 4361 632 4448 pollucibilem
660 4383 734 4426 sane
760 4363 883 4447 paravit
908 4382 1041 4435 eoenam,
1067 4358 1120 4422 sed
1147 4378 1243 4443 quam
