3550 5467
386 752 449 811 968
641 758 777 803 ioannis
792 754 1084 801 saansaanransis
1181 735 1266 816 [nra.
1281 755 1346 800 nu.

385 937 490 1000 neges,
502 913 584 975 inter
600 923 647 974 tot
664 907 782 982 oscula,
795 920 840 972 tot
858 905 1043 993 amplexus,
1057 905 1116 990 qui
1134 919 1167 970 te
1184 929 1244 991 pro
1258 905 1346 970 libitu

386 1016 512 1101 quoties
528 1013 629 1076 voluit
646 1012 853 1094 pertractavit
869 1007 998 1072 licentia
1015 1007 1186 1071 maritali?
1224 1010 1303 1074 Nam
1318 1021 1345 1071 et

386 1117 532 1203 quaedum
549 1112 721 1178 animantia
741 1126 862 1177 certum
885 1122 993 1176 estse
1015 1111 1158 1174 invicem
1180 1110 1345 1174 osculando

322 1271 327 1279 .
387 1217 528 1282 misceri:
566 1215 628 1279 alia
654 1238 687 1277 se
714 1213 852 1277 tenuiter
878 1212 1043 1296 tangendo
1074 1212 1284 1297 concipiunt:
1317 1225 1345 1275 et

386 1333 461 1384 sunt
483 1342 557 1404 quoe
580 1340 640 1381 suo
660 1314 850 1401 gravidante
871 1311 991 1389 calore,
1009 1313 1053 1376 ab
1077 1336 1153 1376 aere
1178 1326 1346 1399 temperato

386 1426 652 1507 impraegnantur,
668 1431 698 1480 et
722 1416 859 1502 pariunt.
898 1416 965 1479 Hic
981 1414 1038 1478 illa
1061 1414 1196 1478 tandem
1212 1413 1344 1489 erubuit,

387 1523 448 1587 hoc
474 1519 575 1584 solum
600 1518 717 1594 dicens,
742 1515 878 1600 sequid
902 1514 944 1578 ad
970 1514 1164 1601 hujusmodi
1191 1514 1345 1601 captiones

389 1625 535 1700 hisceret,
544 1643 608 1684 non
624 1620 749 1683 habere.
781 1616 842 1681 Sed
856 1617 1021 1680 benacum
1036 1615 1345 1702 philosophantibus,

390 1725 423 1790 id
439 1737 499 1800 est,
514 1746 587 1787 cum
603 1718 724 1786 clericis
738 1721 857 1803 agitur,
868 1717 958 1804 quod
976 1740 1072 1782 nemo
1086 1741 1201 1782 eorum
1218 1717 1347 1803 frigidus

391 1841 450 1902 est,
462 1838 518 1889 aut
530 1824 561 1887 in
573 1823 697 1911 judicio
712 1820 859 1908 perfusus
871 1818 1059 1904 hujusmodi
1071 1819 1213 1883 macula.
1243 1820 1347 1883 Cicero

393 1942 525 2012 rogatus
545 1940 593 2003 ut,
609 1938 681 2011 post
702 1922 871 2009 repudium
891 1922 1069 2000 Terentiae,
1089 1944 1232 1986 sororem
1255 1920 1346 1986 Hirtii

392 2029 534 2104 duceret,
546 2030 676 2091 omnino
690 2027 793 2089 facere
808 2021 997 2108 supersedit,
1011 2024 1120 2088 dicens
1135 2047 1170 2088 se
1185 2046 1250 2087 non
1266 2046 1348 2110 posse

391 2144 423 2193 et
440 2130 544 2207 uxori,
558 2142 592 2192 et
614 2127 824 2213 philosophiae
846 2125 967 2211 pariter
988 2148 1120 2212 operam
1144 2125 1234 2193 dare.
1278 2125 1348 2190 Pbi·

393 2230 518 2316 lippum
531 2251 638 2313 regem
651 2228 878 2307 Macedonum,
893 2241 1004 2292 contra
1016 2251 1112 2313 quem
1127 2226 1347 2295 Demosthenis

393 2331 582 2416 Philippicae
602 2341 726 2406 tonant,
744 2330 958 2393 introeuntem
983 2352 1023 2394 ex
1045 2352 1133 2393 more
1155 2329 1348 2406 cubiculum,

393 2452 474 2496 uxor
488 2428 625 2495 exclusit
640 2430 730 2493 irata.
776 2427 841 2502 Qui
856 2428 1007 2494 exclusus
1022 2430 1135 2509 tacuit,
1153 2443 1187 2493 et
1202 2430 1348 2515 injuriam

394 2552 483 2596 suam
500 2552 592 2593 versu
614 2530 735 2613 tragico
758 2528 939 2594 consolatus
960 2543 1018 2594 est.
1064 2530 1206 2615 Gorgias
1229 2530 1349 2595 Rhetor

396 2632 513 2698 librum
550 2631 799 2718 pulcherrimum
830 2629 870 2694 de
907 2631 1089 2709 concordia,
1121 2633 1250 2698 Graecis
1278 2647 1350 2698 tune

397 2735 479 2799 inter
499 2756 532 2798 se
551 2733 791 2808 dissidentibus,
811 2731 955 2797 recitavit
981 2733 1154 2820 Olympiae.
1201 2737 1264 2801 Cui
1286 2739 1351 2801 Me·

397 2835 540 2901 lantlrius
553 2835 701 2900 inimicus
715 2837 799 2922 ejus:
819 2833 882 2898 Hic
894 2835 998 2916 nobis,
1007 2836 1125 2922 inquit,
1133 2837 1176 2901 de
1186 2838 1352 2903 concordia

398 2937 553 3026 praecipit,
577 2938 634 3023 qui
658 2961 702 3015 se,
725 2958 869 3012 uxorem,
891 2952 922 3003 et
939 2938 1137 3016 ancillulam,
1162 2953 1229 3004 tres
1243 2941 1275 3004 in
1291 2962 1352 3005 una

397 3040 503 3120 domo,
523 3039 713 3103 concordare
731 3063 793 3104 non
816 3039 932 3126 potuit.
980 3037 1213 3107 AEmulabatur
1233 3043 1351 3130 quippe

399 3165 481 3206 uxor
492 3142 561 3228 ejus
570 3140 728 3207 ancillulas
738 3140 1020 3228 pulchritudini,et
1029 3143 1351 3209 castissimumvirum

399 3242 594 3328 quotidianis
603 3242 723 3328 jurgiis
737 3242 929 3327 exagitabat.
955 3242 1050 3308 Unde
1064 3259 1100 3308 ut
1113 3258 1213 3309 cesset
1226 3244 1352 3324 invidia,

398 3360 429 3407 et
454 3347 544 3430 quies
566 3343 777 3409 matrimoniis
807 3344 1007 3420 reformetur,
1030 3345 1205 3410 ditioribus
1228 3347 1261 3410 io
1284 3368 1354 3412 con·

399 3444 600 3509 suetudinem
625 3467 750 3508 versum
774 3456 834 3520 est,
856 3466 896 3507 ne
918 3465 1017 3531 quam
1041 3444 1181 3509 habeant
1203 3446 1235 3510 in
1261 3445 1354 3511 domo

399 3542 624 3627 pulchriorem.
663 3545 808 3607 Socrates
822 3567 922 3629 quum
940 3543 1078 3607 duarum
1097 3567 1236 3609 uxorum
1247 3546 1355 3632 jurgia

399 3643 493 3705 vellet
506 3643 690 3727 reprimere,
702 3645 734 3706 in
747 3668 820 3708 eum
834 3645 1001 3708 novissime
1015 3658 1181 3711 verterunt
1192 3647 1355 3734 impetum,

400 3744 522 3809 etmalc
534 3743 736 3822 mulctatum,
752 3747 993 3834 fugientemque
1008 3747 1064 3811 diu
1079 3764 1254 3835 persecutae
1270 3763 1354 3824 aunt,

398 3859 431 3911 et
453 3844 565 3908 asolio
580 3847 611 3908 in
629 3868 695 3931 quo
718 3849 936 3926 morabantur,
958 3850 1164 3934 postmodum
1187 3849 1266 3915 lotio
1288 3872 1355 3936 per·

399 3948 563 4013 fuderunt.
589 3947 819 4013 lnmuliebrem
828 3948 987 4015 levitatem
999 3951 1355 4040 abauctoribuspassim

401 4054 503 4118 multa
518 4050 712 4117 scribuntur.
751 4054 900 4117 Fortasse
915 4053 995 4118 falso
1010 4054 1175 4119 interdum
1192 4056 1356 4142 linguntur

401 4155 550 4240 plurima,
562 4155 640 4218 nihil
652 4169 755 4218 tamen
765 4154 925 4241 impedit“
933 4156 1089 4220 ridentem
1102 4157 1209 4223 dicere
1220 4158 1357 4233 verum‚”

399 4271 430 4321 ct
441 4255 592 4321 sabulosis
603 4255 851 4332 narrationibus,
864 4279 943 4342 quas
956 4257 1159 4344 philosophia
1173 4283 1236 4324 non
1248 4258 1355 4347 rejicit,

399 4359 576 4443 exprimere
591 4357 669 4442 qnid
685 4357 794 4420 obesse
804 4359 903 4443 possit
918 4362 949 4422 in
966 4359 1119 4424 rnoribns.
1153 4363 1206 4427 Ex
1219 4363 1269 4426 his
1279 4363 1355 4426 eninr
