3550 5467
405 773 471 818 car.
487 758 568 832 mn]
762 771 1014 818 ronrcaarrcns.
1215 827 1230 847 ο
1304 739 1362 812 163

404 923 605 989 sacerdotem
620 924 745 1004 decens,
756 938 788 989 et
804 944 905 1010 neque
920 944 959 986 ex
975 921 1109 998 officiali,
1122 935 1177 987 aut
1192 941 1232 985 ex
1248 919 1360 985 curiali

407 1026 510 1091 teniat
526 1026 671 1091 fortuna.
710 1030 825 1113 Neque
835 1049 875 1090 ex
891 1024 990 1090 idiota
1002 1048 1074 1090 mox
1091 1024 1234 1100 clericus,
1246 1022 1320 1088 dein
1327 1022 1362 1087 ie

406 1147 542 1214 parvum
567 1129 691 1216 aliquid
717 1129 912 1215 praeteriens,
936 1127 1103 1214 episcopus
1125 1140 1286 1213 appareat,
1304 1123 1359 1190 sed

406 1248 459 1298 sut
485 1232 519 1296 in
546 1232 731 1317 virginitate
758 1232 876 1317 degens
905 1255 925 1295 a
954 1231 1120 1317 principio,
1145 1243 1201 1294 aut
1227 1250 1358 1294 uxorem

406 1334 566 1423 siquidem
594 1336 723 1417 habens,
738 1359 777 1400 ex
803 1335 986 1420 virginitate
1009 1334 1049 1397 ad
1074 1358 1147 1399 eum
1171 1334 1358 1408 venientem,

406 1458 512 1524 neque
527 1436 611 1502 filios
634 1438 780 1504 odibiles.
826 1437 975 1524 Alioquin
999 1437 1054 1521 qui
1076 1449 1193 1521 praeter
1216 1435 1282 1499 boeo
1304 1436 1360 1498 ali-

407 1539 488 1627 quid
505 1539 584 1626 agit,
600 1554 633 1604 et
655 1541 723 1628 ipse
736 1541 829 1607 cadat
845 1539 1034 1615 sacerdotio,
1049 1552 1081 1603 et
1103 1539 1160 1623 qui
1183 1561 1255 1601 eum
1275 1537 1360 1601 ordi-

407 1656 464 1707 nat
479 1653 572 1708 extra
594 1647 812 1730 episcopatum
837 1643 1010 1708 sectabitur
1034 1642 1115 1705 hanc
1139 1641 1238 1723 legem
1262 1639 1360 1703 offen-

406 1741 496 1808 dens.
543 1744 606 1809 Sed
631 1767 734 1831 neque
754 1744 934 1810 ineruditus
948 1743 1086 1807 existens
1101 1764 1258 1806 sacrorum
1283 1741 1361 1825 dog-

407 1858 544 1923 matum,
565 1846 606 1910 ad
630 1847 847 1934 episcopatum
871 1846 1010 1910 accedat.
1056 1844 1151 1908 Prius
1172 1858 1280 1908 autem
1302 1856 1360 1908 aut

407 1949 614 2013 monasticam
631 1951 727 2014 vitam
746 1951 915 2035 professus,
932 1961 989 2015 aut
1010 1950 1043 2012 in
1058 1949 1143 2013 clero
1156 1949 1360 2022 constitutus,

407 2070 472 2113 non
490 2050 596 2115 minus
611 2052 770 2118 mensibus
791 2075 858 2130 sex,
876 2054 968 2117 uxori
985 2066 1089 2117 tamen
1103 2072 1167 2115 non
1188 2051 1357 2115 cobaerens.

407 2154 458 2216 De
472 2167 589 2218 caetero
603 2169 710 2219 autem
734 2155 813 2220 nulli
838 2156 1050 2241 permittimus
1065 2178 1084 2218 a
1100 2155 1253 2240 positione
1276 2153 1356 2240 legis

408 2276 541 2319 uxorem
561 2257 702 2334 habenti,
719 2258 812 2322 talem
837 2260 957 2342 imponi
981 2258 1221 2325 ordinationem.
1268 2259 1358 2322 Sicut

407 2355 522 2422 bonam
538 2360 687 2444 gratiam,
699 2360 748 2424 vel
763 2361 896 2446 gloriam
913 2361 944 2425 in
960 2386 1008 2439 eo,
1020 2362 1076 2448 qui
1091 2361 1287 2426 ordinandus
1298 2376 1358 2437 est,

409 2461 605 2544 querimus;
635 2467 681 2529 ita
702 2464 797 2528 etiam
820 2465 853 2527 in
879 2485 918 2528 eo
939 2464 1140 2543 calumniam,
1161 2465 1218 2551 qui
1240 2464 1360 2528 frustra

407 2563 587 2642 accusavit,
598 2564 757 2648 punimus.
798 2566 831 2629 Si
847 2579 953 2630 autem
969 2564 1084 2651 aliquis
1099 2565 1185 2628 dicat
1200 2563 1359 2628 conscium

408 2684 442 2726 se
466 2686 535 2728 esse
560 2666 696 2752 alicujus
721 2668 904 2733 illicitorum
931 2668 972 2744 ei,
999 2689 1061 2730 non
1086 2665 1176 2753 prius
1200 2679 1360 2728 mereatur

406 2765 547 2853 episcopi
562 2768 803 2844 ordinationem,
815 2793 913 2857 quam
929 2767 1068 2855 querelae
1083 2766 1275 2831 examinatio
1291 2768 1358 2840 frat,

407 2881 439 2932 et
456 2867 600 2954 undique
614 2869 762 2935 innoxius
781 2883 943 2957 appareat.
989 2869 1083 2947 Quod
1107 2868 1132 2932 si
1155 2881 1226 2953 post
1250 2867 1359 2953 hujus-

408 2967 495 3032 modi
524 2971 817 3051 contradictionem,
843 2994 905 3035 non
935 2994 1044 3055 passus
1073 2970 1100 3032 is
1129 2968 1186 3054 qui
1215 2967 1357 3033 ordinem

407 3067 495 3148 facit,
510 3067 682 3153 legitimam
699 3070 965 3136 examinationem
981 3070 1101 3155 imponi
1121 3092 1235 3142 causae,
1251 3084 1358 3135 currat

405 3169 445 3234 ad
461 3169 705 3250 ordinationem,
718 3175 795 3239 sciat
811 3174 901 3260 quod
923 3174 964 3237 ab
979 3197 1016 3236 eo
1032 3171 1077 3247 fit,
1095 3194 1152 3256 pro
1167 3171 1266 3235 nihilo
1281 3196 1358 3252 esse,

406 3273 460 3338 sed
484 3274 592 3362 isqui
614 3291 724 3342 contra
746 3277 846 3362 legem
870 3276 907 3340 fit
929 3274 1022 3340 cadat
1045 3273 1230 3351 sacerdotio,
1246 3288 1277 3339 et
1298 3276 1358 3362 qui

406 3375 474 3440 sine
488 3379 674 3464 probatione
684 3379 916 3445 ordinationem
933 3379 1078 3465 imponit,
1091 3393 1122 3442 et
1134 3377 1202 3464 ipse
1213 3377 1358 3443 similiter

407 3477 500 3543 cadat
517 3479 591 3544 sede
604 3481 802 3546 sacerdotali.
851 3483 933 3546 Item
951 3482 1036 3544 Leo:
1063 3481 1095 3544 Si
1111 3503 1302 3567 quemquam
1316 3481 1357 3546 ad

406 3578 610 3667 episcopatus
629 3583 766 3667 gradum
790 3584 922 3670 provehi
946 3588 1016 3648 Deo
1037 3597 1165 3647 auctore
1179 3583 1357 3669 contigerit,

407 3687 497 3767 puris
527 3683 692 3748 hominum
722 3687 893 3762 mentibus,
921 3686 1007 3749 nuda
1032 3684 1191 3749 electionis
1216 3686 1357 3763 scientia,

405 3784 528 3850 sincero
546 3787 687 3852 omnium
710 3789 834 3873 judicio
858 3790 1047 3874 proseratur.
1094 3791 1197 3851 Nemo
1219 3787 1357 3872 gradum

407 3889 576 3954 sacerdotii
593 3890 691 3976 precii
708 3891 876 3956 venalitate
893 3906 1059 3955 mercetur.
1104 3889 1252 3966 Qualiter
1271 3892 1358 3975 quis-

405 4010 469 4074 que
494 4006 664 4072 mereatur,
681 4016 741 4058 non
767 4008 922 4081 quantum
948 3993 1085 4080 quisque
1109 3993 1185 4056 dare
1209 3993 1356 4067 sufficiat,

407 4095 592 4157 estimetur.
640 4096 786 4160 Profecto
801 4097 883 4160 enim
901 4097 974 4183 quis
998 4096 1084 4160 lucus
1107 4108 1209 4170 tutus,
1225 4107 1257 4158 et
1283 4117 1357 4178 quse

405 4214 499 4258 causa
514 4195 633 4279 poterit
648 4220 719 4263 esse
741 4215 903 4277 excusata,
919 4199 944 4264 si
961 4196 1139 4262 veneranda
1155 4196 1215 4259 Dei
1239 4193 1358 4276 templa

405 4296 548 4379 pecuniis
562 4299 813 4383 expugnentur?
836 4303 938 4379 Quem
955 4321 1081 4364 murum
1098 4295 1286 4380 integritati,
1301 4308 1356 4357 ant

406 4397 522 4463 vallum
547 4398 622 4463 fidei
643 4403 894 4486 providebimus,
917 4404 943 4467 si
970 4403 1038 4466 auri
1062 4421 1149 4463 sacra
1171 4397 1281 4474 sanies,
1305 4419 1356 4459 ve·-

855 4514 918 4569 Η
