3550 5467
519 708 560 766 96
756 719 892 764 rosuurs
908 719 1187 764 sanusnsmausrs
1314 700 1398 780 [urs.
1414 721 1472 766 vu.

517 873 584 938 trite
607 893 683 946 suae,
706 872 797 934 venia
822 894 841 934 a
865 871 1023 954 Dionysio
1049 872 1225 956 impetrata.
1274 869 1338 934 Sed
1362 874 1396 936 iu
1424 873 1471 938 his

516 973 665 1036 omnibus
681 971 760 1035 adeo
777 971 915 1051 diligens
933 973 1051 1049 extitit,
1066 986 1133 1035 uta
1154 972 1270 1035 studiis
1285 982 1342 1035 aut
1356 974 1471 1038 officiis

514 1075 742 1162 philosophiae,
762 1076 851 1138 nullo
875 1096 1017 1159 uuquam
1048 1087 1189 1159 tempore
1212 1076 1469 1158 suspenderetur.

515 1181 629 1264 ltaque
644 1199 743 1262 quum
758 1176 900 1240 studium
922 1177 1136 1260 philosophiae
1151 1177 1268 1261 partim
1283 1178 1317 1241 in
1332 1180 1469 1260 actione,

514 1281 630 1365 partim
653 1281 685 1342 in
709 1280 979 1362 contemplatione
995 1292 1144 1358 versetur,
1160 1281 1310 1344 Socrates
1331 1282 1467 1346 activam

514 1383 672 1458 exercuit,
696 1403 802 1444 mores
825 1381 1007 1456 instituens,
1030 1383 1149 1465 quibus
1170 1381 1307 1445 fideliter
1328 1384 1372 1447 ad
1393 1385 1468 1448 bea·

514 1482 681 1548 titudinem
695 1483 759 1545 rita
774 1483 974 1565 transigitur:
1000 1483 1195 1566 Pythagoras
1210 1486 1467 1569 contemplativas

513 1586 641 1664 institit,
654 1607 712 1669 per
727 1606 822 1669 quam
839 1585 1005 1664 ingenium
1029 1596 1209 1661 exercetor,
1224 1596 1257 1648 et
1273 1599 1468 1670 propagatur

514 1688 667 1752 scientia:
701 1685 835 1770 proinde
863 1686 954 1748 Plato
980 1696 1146 1771 utramque
1170 1686 1343 1771 jungendo
1368 1689 1468 1766 alteri,

513 1789 755 1873 Philosophiam
769 1787 943 1871 perfecisse
958 1786 1116 1864 laudatur,
1127 1810 1222 1872 quam
1233 1789 1266 1850 in
1285 1801 1349 1852 tres
1361 1800 1467 1872 partes

512 1890 686 1967 distribuit,
710 1889 874 1965 Ethicam,
896 1889 1078 1971 Physicam,
1100 1901 1131 1953 et
1158 1891 1326 1972 Logicam,
1348 1890 1383 1955 id
1408 1905 1467 1967 est,

512 1994 673 2068 moralem,
687 1993 875 2068 naturalem,
890 2003 922 2054 et
937 1991 1133 2068 rationalem,
1148 2013 1212 2075 qua
1227 2013 1337 2055 rerum
1354 1992 1465 2058 dister-

512 2094 650 2156 minatur
664 2114 684 2155 a
697 2093 788 2167 salso,
805 2103 838 2155 et
852 2092 921 2156 siue
937 2115 1001 2176 qua
1015 2093 1127 2156 disseri
1142 2105 1320 2177 nequeunt,
1330 2117 1405 2178 quae
1416 2097 1465 2159 rel

511 2194 545 2255 in
559 2194 697 2269 actione,
709 2194 760 2256 vel
775 2193 810 2255 in
825 2195 1097 2278 contemplatione
1114 2205 1286 2258 versantur.
1332 2197 1466 2261 Putatur

510 2317 531 2359 a
551 2295 728 2371 nonnullis,
747 2294 834 2377 quod
858 2295 888 2357 in
915 2297 1169 2378 peregrinatione
1189 2317 1247 2359 sua
1267 2298 1464 2362 Hieremiam

509 2395 699 2479 Prophetam
721 2394 846 2469 viderit,
862 2395 1062 2481 audieritque
1082 2400 1114 2461 iu
1130 2400 1284 2484 AEgypto‚
1299 2412 1332 2464 et
1351 2402 1464 2483 legerit

509 2496 684 2580 scripturas
705 2495 919 2579 propheticas.
965 2497 1032 2560 Sed
1046 2510 1219 2582 supputata
1240 2500 1321 2562 ratio
1338 2510 1462 2584 tempo·

509 2619 591 2676 rum,
614 2620 685 2683 quae
711 2599 744 2660 in
768 2597 939 2662 Chronicis
964 2600 1167 2663 continentur
1191 2600 1344 2680 historiis,
1367 2601 1464 2667 docet

510 2721 566 2764 eos
580 2722 783 2786 nequaquam
795 2712 1082 2784 contemporaneos
1094 2703 1249 2778 extitisse,
1261 2724 1362 2786 quum
1374 2715 1462 2767 ortus

508 2801 654 2866 Platonis
677 2802 732 2865 vix
754 2813 877 2866 aetatem
900 2803 986 2865 illam
1007 2801 1265 2886 apprehenderit,
1279 2814 1312 2866 et
1333 2803 1460 2868 interla-

508 2906 661 2969 bentibus
675 2915 804 2969 centum
828 2917 949 2988 septem
970 2906 1063 2967 aunis
1086 2917 1225 2987 tempus,
1240 2927 1305 2990 quo
1320 2907 1461 2992 prophe·

508 3006 589 3069 tavit
612 3006 805 3080 Hieremias,
825 3003 991 3087 adtigerit;
1013 3016 1044 3068 et
1063 3006 1228 3088 scripturae
1250 3007 1462 3089 propheticas,

507 3119 582 3193 post
593 3120 725 3172 mortem
736 3109 888 3185 Platonis,
905 3109 998 3172 annis
1009 3109 1106 3172 terme
1118 3109 1295 3190 sexaginta,
1304 3120 1460 3191 regnante

508 3209 692 3282 Ptolemaeo,
715 3210 770 3294 qui
798 3211 959 3273 literarum
985 3208 1157 3284 studiosus,
1182 3229 1200 3270 a
1223 3209 1460 3292 Hierosolymis

507 3310 709 3393 septuaginta
719 3308 856 3372 adscivit
864 3310 1065 3393 interpretes,
1073 3309 1249 3391 AEgyptum
1262 3308 1457 3374 intraverint

508 3409 627 3491 Opinio
650 3417 757 3470 tamen
779 3409 835 3471 illa
859 3409 1033 3486 convaluit,
1056 3409 1130 3493 quia
1147 3409 1182 3471 in
1203 3408 1293 3471 libris
1315 3409 1459 3473 Platonis

505 3507 1307 3592 inveniunturmultadictisconsonaprophetarum.
1333 3510 1457 3572 Namin

505 3609 640 3684 limaeo,
654 3606 729 3671 dum
746 3630 859 3672 causas
868 3611 978 3673 mundi
995 3609 1145 3673 subtilius
1160 3610 1341 3689 investigat,
1357 3611 1459 3674 mani·

504 3711 586 3774 feste
611 3708 736 3773 videtur
764 3711 943 3793 exprimere
971 3712 1155 3786 trinitatem,
1182 3732 1254 3794 quae
1282 3711 1373 3773 Deus
1399 3722 1458 3789 est,

504 3811 695 3877 efficientem
726 3834 856 3877 causam
879 3813 1081 3877 constituens
1105 3813 1138 3874 in
1159 3814 1305 3895 potentia
1328 3813 1403 3893 Dei,
1424 3815 1457 3877 in

504 3913 662 3996 sapientia
688 3915 863 3991 formalem,
887 3915 1015 3978 finalem
1042 3915 1075 3977 in
1105 3915 1262 3992 bonitate,
1287 3936 1360 3999 quse
1390 3917 1459 3979 sola

503 4015 633 4081 induxit
647 4038 733 4093 eum,
746 4029 781 4079 ut
796 4038 922 4080 omnem
940 4029 1117 4080 creaturam
1133 4016 1288 4079 bonitatis
1304 4038 1370 4080 suae
1387 4038 1457 4100 par·

503 4118 634 4202 tioipem
649 4117 780 4191 faceret,
795 4127 892 4199 prout
906 4130 1019 4179 natura
1034 4116 1187 4199 cujusque
1203 4138 1310 4199 capax
1320 4119 1456 4183 beatitu-

503 4221 589 4284 dinis
611 4239 681 4283 esse
711 4230 826 4302 potest.
874 4219 979 4280 Unam
1010 4229 1117 4281 tamen
1149 4220 1181 4281 in
1212 4219 1264 4282 his
1294 4221 1381 4285 risus
1410 4233 1457 4284 est

504 4319 702 4384 intellexisse
724 4330 757 4381 et
780 4315 927 4379 docuisse
957 4319 1180 4394 substantiam,
1203 4319 1280 4382 dum
1304 4320 1454 4403 opificem
