3550 5467
406 708 470 766 att
664 716 799 763 amasis
815 714 1119 761 sattasnnataxsn
1215 698 1296 778 [ma.
1311 716 1358 762 ua

414 868 563 955 tangendi
600 868 775 954 voluptate,
805 890 844 929 ne
875 866 985 932 dicam
1020 867 1172 942 luxuria,
1206 882 1368 955 posueruut.

346 1001 351 1010 ·
414 976 574 1039 Caeterunt
587 971 647 1034 lioc
662 970 795 1033 aliorum
812 990 966 1032 sensuum
979 968 1159 1034 luxuriam
1176 994 1240 1034 non
1252 986 1369 1041 extum.

413 1096 513 1160 quum
528 1076 694 1139 manifesta
710 1076 749 1135 sit
763 1071 913 1134 humanm
930 1072 1114 1155 dignitatis
1125 1072 1277 1158 abjectio,
1288 1073 1310 1136 si
1322 1094 1370 1136 non

413 1178 501 1239 hirco
523 1190 579 1239 aut
603 1176 664 1252 sui,
689 1173 744 1238 sed
770 1173 849 1236 leoni
874 1188 905 1236 et
931 1173 1052 1259 pardo,
1070 1175 1131 1239 sed
1153 1175 1315 1262 pantherae
1328 1190 1371 1240 aut

413 1280 541 1361 Satyro,
558 1277 611 1340 sed
633 1276 759 1362 pavoni,
776 1273 982 1358 philomenae,
998 1293 1060 1338 aut
1083 1276 1241 1361 psittaco,
1257 1276 1307 1340 sed
1320 1277 1371 1340 cui·

412 1401 541 1463 cunque
555 1379 724 1442 brutorum
741 1390 796 1440 aut
808 1376 1049 1440 insensibilium
1067 1378 1205 1442 studeat
1221 1378 1369 1464 coaequari.

414 1479 579 1566 Siquidem
603 1479 643 1542 ad
666 1475 839 1562 angelicam
864 1476 1046 1560 puritatem
1075 1479 1205 1543 rectius
1228 1481 1371 1566 aspirabit,

414 1582 519 1666 quiin
536 1606 570 1644 ea
587 1596 712 1644 creatas
732 1591 778 1642 cst
793 1577 953 1661 dignitate
976 1579 1133 1662 originis,
1152 1593 1190 1645 ut
1214 1581 1245 1645 in
1262 1580 1371 1645 cumulo

414 1707 499 1748 verae
527 1697 558 1749 et
589 1697 715 1748 aetcrnae
746 1679 967 1756 beatitudinis,
999 1665 1205 1766 perleclioni
1234 1684 1370 1766 angelice

414 1788 513 1871 possit
542 1810 609 1850 esse
635 1786 814 1849 conformis.
853 1783 936 1844 Nam
967 1799 1000 1846 et
1035 1798 1174 1868 patrum
1203 1786 1370 1850 inconcussa

415 1889 520 1953 sanxit
543 1889 727 1963 auctoritas,
750 1886 824 1972 quia
847 1898 966 1947 natura
989 1883 1150 1951 humanae
1169 1888 1286 1952 mentis
1301 1887 1371 1951 solut

415 1989 564 2054 dominus
573 1991 699 2074 dignior
709 2003 769 2063 cst,
779 2001 809 2051 et
819 1985 905 2072 quod
919 1986 1030 2048 omnia
1043 1987 1129 2065 baec,
1139 2012 1218 2075 quae
1230 1991 1371 2054 humanus

415 2090 551 2153 miratur
572 2114 669 2166 error,
694 2104 728 2153 ut
751 2087 870 2152 homini
895 2087 1054 2164 serviant,
1069 2089 1114 2152 ab
1138 2114 1177 2154 eo
1193 2091 1278 2155 facta
1297 2104 1369 2165 sunt,

413 2190 469 2272 qui
487 2190 644 2253 lioririaern
670 2192 757 2266 lecit,
774 2205 809 2254 ut
826 2190 1017 2254 aternitatis
1040 2205 1072 2254 et
1091 2191 1303 2257 beatitudinis
1315 2214 1370 2256 sut

414 2291 599 2376 participem
617 2293 742 2354 laceret.
777 2293 857 2368 Quis
872 2314 950 2375 ergo
963 2293 1172 2378 praesidentis
1187 2294 1368 2358 domininon

414 2390 589 2476 vilipendat
612 2392 792 2464 arbitrium,
808 2396 833 2456 si
850 2395 998 2456 servilem
1019 2407 1053 2458 et
1068 2395 1232 2480 abjectam
1255 2397 1369 2461 affectat

414 2493 651 2558 conditionem?
679 2497 752 2557 Non
770 2506 873 2557 tamen
896 2493 985 2579 quod
1007 2519 1119 2560 servos
1134 2497 1241 2561 dicam
1265 2497 1369 2561 liaben-

416 2595 474 2659 dos
485 2619 551 2660 esse
567 2595 775 2681 contemptui,
787 2595 846 2658 nisi
859 2592 1031 2660 servilibus
1044 2597 1132 2661 vitiis
1145 2598 1266 2664 vivant.
1290 2600 1370 2662 Sicut

415 2700 498 2762 enim
512 2722 585 2762 vera
599 2713 629 2764 et
644 2700 735 2762 unica
752 2698 879 2761 libertas
892 2712 952 2773 est,
965 2700 1087 2762 servire
1099 2699 1267 2779 virtuti,ct
1282 2701 1371 2787 ipsias

415 2827 561 2868 exercere
583 2803 703 2881 officia3
733 2804 778 2865 ita
800 2801 891 2864 unica
905 2814 937 2865 et
961 2803 1137 2887 singularis
1160 2806 1299 2869 servitus
1318 2818 1369 2879 est.

416 2905 502 2969 vitiis
524 2905 701 2991 subjugari.
745 2905 840 2966 Errat
864 2900 956 2987 plauc
979 2905 1132 2991 quisquis
1153 2905 1284 2969 aliunde
1304 2928 1371 2969 con·

415 3008 569 3073 ditionem
600 3011 784 3072 alterutram
819 3009 971 3092 opinatur
1006 3008 1163 3072 accidere.
1210 3009 1368 3096 Siquidem

415 3133 508 3174 omne
524 3110 686 3174 hominum
709 3131 811 3192 genus
827 3108 857 3170 in
880 3108 973 3171 terris
990 3109 1084 3172 simili
1109 3111 1152 3174 ab
1166 3126 1244 3176 ortu
1262 3112 1369 3196 surgit,

414 3211 531 3276 eisdem
542 3223 664 3275 constat
674 3225 705 3274 et
717 3210 814 3273 alitur
826 3209 1001 3284 elementis,
1011 3210 1219 3298 eundemque
1229 3213 1369 3298 spiritum

415 3315 456 3380 ab
480 3314 589 3379 eodem
617 3312 773 3399 principio
797 3313 912 3398 carpit,
933 3311 1113 3397 eodemque
1140 3313 1263 3378 fruitur
1283 3315 1370 3387 coelo,

414 3440 506 3502 teque
529 3417 675 3489 moritur,
690 3437 781 3499 teque
803 3413 891 3477 tivit.
929 3413 1027 3476 Unde
1045 3431 1078 3477 ct
1102 3416 1322 3481 Praetextatus
1338 3417 1368 3478 in

415 3519 636 3582 Saturnalibus
660 3516 860 3599 Evangelam
884 3514 1071 3600 reprimens,
1086 3516 1137 3579 his
1158 3521 1265 3582 utitur
1279 3539 1368 3603 argu·

413 3622 537 3681 inentis.
569 3618 671 3692 Servi,
683 3619 801 3702 inquit,
814 3632 899 3693 suut,
911 3619 975 3679 irno
991 3616 1146 3682 homines.
1180 3620 1271 3683 Serti
1287 3634 1368 3693 sunt,

412 3717 476 3778 imo
491 3717 642 3780 conservi.
682 3719 715 3779 Si
738 3719 941 3803 cogitaveris,
957 3718 1149 3782 tantundem
1170 3721 1203 3782 in
1220 3734 1368 3806 utrosque

412 3817 504 3880 licere
527 3820 689 3897 Fortunae,
714 3833 776 3881 tam
802 3834 837 3883 tu
862 3820 952 3883 illum
977 3819 1087 3882 videre
1109 3820 1250 3886 liberum
1274 3837 1369 3908 potes,

410 3942 507 4006 quam
524 3919 576 3983 ille
599 3934 630 3985 te
646 3944 785 3984 servum.
824 3922 935 3986 Nescis
949 3944 1015 4005 qua
1035 3934 1133 3986 aetatc
1152 3925 1290 3986 llccuba
1311 3945 1368 3985 ser-

412 4027 478 4088 vire
508 4025 651 4109 caeperit,
682 4047 748 4111 qua
778 4027 920 4097 CroesuS,
950 4045 1016 4108 qua
1049 4024 1138 4087 Darii
1167 4041 1281 4102 mater,
1307 4048 1366 4110 qua

412 4127 580 4209 Diogenes,
597 4152 661 4214 qua
682 4127 774 4191 l’latu
790 4129 882 4211 ipse?
911 4128 1075 4188 Postremo
1091 4127 1173 4210 quid
1198 4127 1245 4191 ita
1259 4147 1365 4190 nomen

410 4229 570 4292 servitutis
586 4225 775 4290 horremus?
802 4233 922 4292 Servus
936 4242 983 4288 cst
1005 4226 1152 4310 quidem,
1169 4229 1224 4292 scd
1241 4226 1365 4291 necessi·

409 4343 484 4398 tate,
509 4329 560 4391 sed
585 4329 717 4390 fortasse
740 4326 839 4389 libero
862 4331 968 4388 animo
991 4347 1103 4387 serras
1127 4342 1188 4391 cst.
1231 4331 1302 4392 Hoc
1323 4325 1363 4388 illi
