3550 5467
279 755 353 810 car.
371 744 471 826 xvia]
652 748 907 809 ronvcnar'rcos.
1174 737 1238 812 31³!

281 916 398 980 tricula
420 914 506 992 fidei,
520 927 551 978 et
575 936 698 978 morum
721 927 779 989 est,
802 930 833 980 et
848 936 910 977 non
931 919 1034 998 potest
1055 906 1096 978 ab
1112 915 1238 979 bomine

276 1016 431 1103 judicari,
447 1028 479 1079 et
494 1017 596 1100 argui,
619 1013 738 1078 coelesti
755 1015 923 1101 privilegio
943 1014 1078 1091 munita,
1094 1014 1238 1102 relinquo

281 1122 453 1183 intactam:
480 1139 536 1179 nec
551 1120 633 1180 enim
649 1116 800 1187 credibile
816 1131 874 1190 est,
892 1116 979 1202 quod
995 1140 1031 1180 ea
1040 1116 1237 1181 committere

281 1234 491 1306 praesumant,
506 1219 552 1281 rel
575 1219 759 1303 dignentur,
774 1243 848 1307 quae
863 1219 904 1284 de
922 1220 997 1304 jure
1014 1219 1180 1303 gentilium
1203 1221 1236 1283 in

281 1323 476 1407 praesidibus
505 1321 753 1409 provinciarum,
783 1335 815 1386 et
839 1321 1091 1409 proconsulibus,
1116 1322 1148 1386 id
1178 1338 1237 1402 est,

280 1425 394 1510 legatis
410 1422 545 1491 Caesaris
560 1434 684 1487 constat
705 1445 771 1485 esse
787 1422 906 1486 illicita.
952 1425 1025 1496 Qua
1041 1444 1115 1487 vero
1131 1423 1236 1510 impu-

281 1525 392 1590 dentia
407 1526 466 1589 hoc
481 1539 638 1590 attentare
653 1523 771 1587 audeat
786 1522 968 1609 discipulus
983 1524 1139 1602 crucifixi,
1154 1527 1237 1590 vica·

282 1627 353 1690 rius
369 1626 471 1702 Petri,
487 1639 596 1712 pastor
611 1624 801 1701 animarum,
816 1625 905 1710 quod
925 1624 1050 1708 vigente
1063 1625 1235 1690 infidelium

283 1727 463 1813 disciplina,
489 1726 627 1791 vicarius
652 1727 855 1812 imperatoris
880 1727 940 1790 sub
969 1727 1073 1791 officio
1102 1727 1239 1791 consolis

282 1842 386 1893 rector
408 1850 577 1914 corporum
594 1835 863 1913 praesumere'non
885 1826 1052 1891 audebat?
1075 1829 1174 1892 Poena
1190 1851 1238 1891 re-

283 1931 498 2018 petundarum
521 1928 797 2014 exsuperioribus
819 1929 935 2014 liquet,
951 1941 983 1993 et
1000 1943 1064 1992 tarn
1084 1928 1239 1995 institutis

283 2033 403 2117 legum,
419 2055 517 2118 quam
538 2031 744 2096 historiarum
761 2030 915 2116 exemplis
931 2029 1047 2095 saeculo
1069 2043 1177 2095 nostro
1191 2031 1235 2094 in-

284 2136 402 2210 notuit,
424 2150 456 2199 et
480 2134 567 2221 quod
590 2133 648 2197 nisi
671 2133 703 2195 in
726 2157 822 2198 causa
846 2133 996 2198 esculenti
1019 2146 1050 2197 et
1078 2134 1238 2220 poculenti

279 2236 386 2325 judici
402 2261 421 2302 a
435 2235 682 2323 provincialibus
696 2244 838 2322 accipere
854 2256 915 2300 non
933 2236 1057 2315 licebat,
1072 2233 1114 2300 ita
1132 2249 1237 2301 tamen

283 2354 321 2403 ut
337 2354 465 2424 accepta
480 2361 679 2425 nequaquam
697 2339 843 2403 cederent
860 2339 891 2402 in
916 2339 1056 2403 muneris
1072 2339 1237 2403 rationem.

283 2442 366 2516 Quis
380 2464 456 2526 ergo
470 2441 588 2520 credet,
602 2440 687 2526 quod
709 2453 815 2526 patres
835 2440 984 2522 ecclesiae,
994 2440 1121 2527 judices
1139 2441 1238 2518 orbis,

283 2556 329 2618 ct,
356 2554 390 2608 ut
414 2544 459 2606 ita
482 2542 597 2616 dicam,
620 2540 791 2603 clarissima
815 2540 933 2605 lumina
955 2542 1080 2617 mundi,
1103 2542 1239 2626 diligant

283 2641 1239 2730 munera,sequanturretributiones,provinciasconcutiant,

285 2761 322 2812 ut
345 2748 508 2812 excutiant
531 2743 662 2822 loculos,
684 2743 867 2807 exinaniant
889 2742 1018 2822 alienos,
1042 2757 1074 2808 ut
1103 2742 1240 2808 solident

285 2873 372 2928 suos,
390 2847 494 2911 verbis
510 2845 683 2932 praedicent
700 2856 932 2930 paupertatem,
947 2857 979 2908 et
1000 2844 1184 2909 criminibus
1198 2845 1239 2909 ad

285 2951 415 3017 divitias
425 2965 604 3035 properent,
611 2947 766 3011 bonorum
778 2945 990 3032 spiritualium
998 2945 1148 3011 damnent
1158 2967 1242 3009 com-

283 3054 412 3128 mercia,
426 3067 461 3115 ut
474 3073 545 3114 curn
556 3048 600 3113 eis
609 3048 766 3113 duntaxat
774 3048 806 3111 in
817 3047 937 3112 talibus
946 3047 1241 3126 contrahereliceat,

282 3156 316 3220 id
333 3168 463 3239 agentes
485 3168 521 3218 ut
536 3152 686 3216 omnibus
709 3150 771 3216 sint
788 3152 912 3226 terrori,
936 3164 1084 3214 amentur
1104 3149 1238 3223 anullo,

282 3257 577 3345 quistemdoceant‚
588 3267 624 3318 ut
635 3254 752 3318 faciant
762 3255 858 3333 rixas,
870 3251 1240 3330 humilitatemindicant,

283 3375 316 3424 et
332 3358 493 3438 simulent,
508 3370 544 3421 ut
568 3356 735 3420 vendicent
758 3355 888 3435 fastum,
911 3355 1043 3419 alienam
1067 3354 1240 3441 pulsantes,

286 3473 319 3525 et
334 3482 420 3526 suam
437 3461 579 3524 foventes
590 3458 767 3535 avaritiam,
782 3457 939 3521 dictantes
950 3456 1143 3541 largitatem,
1155 3470 1241 3521 tena-

287 3563 376 3627 citati
392 3561 587 3625 insistentes:
612 3574 655 3636 et,
668 3574 704 3622 ut
721 3558 831 3645 paucis
845 3559 908 3623 loci
922 3558 1019 3644 hujus
1032 3559 1194 3624 anfractus
1209 3571 1241 3625 et

284 3663 446 3728 volumina
460 3663 602 3749 spaciosa
616 3660 818 3748 complectar,
832 3684 904 3725 cum
925 3662 1087 3728 sceleratis
1101 3677 1132 3727 et
1148 3662 1239 3749 flagi-

286 3765 374 3829 tiosis
396 3765 544 3829 omnibus
566 3776 722 3850 ponentes
741 3763 930 3849 portionem,
952 3777 1009 3827 aut
1027 3762 1149 3851 flagitia
1168 3791 1240 3831 ven·

285 3868 428 3932 dicantes
443 3867 475 3929 in
492 3866 641 3942 solidum,
659 3879 694 3930 ut
711 3866 879 3932 videantur
892 3867 1062 3931 concilium
1079 3869 1239 3942 vanitatis,

285 3969 397 4054 iniqua
411 3968 589 4052 gerentium
607 3968 637 4031 in
654 3991 828 4054 synagoga,
844 3967 974 4031 ecclesia
987 3969 1239 4053 malignantium,

285 4075 318 4135 in
335 4093 470 4155 quorum
487 4071 634 4134 manibus
643 4070 829 4152 iniquitates
838 4083 925 4144 sunt,
937 4082 968 4130 et
985 4068 1117 4130 dextera
1128 4088 1239 4131 eorum

287 4172 406 4257 repleta
422 4184 469 4235 est
481 4172 688 4234 muneribus?
712 4170 804 4234 Absit
817 4180 853 4231 ut
867 4169 927 4232 hoc
938 4168 1110 4253 quisquam
1123 4165 1240 4231 audeat

287 4271 460 4359 suspicari:
485 4295 523 4335 ne
534 4271 627 4336 cadat
642 4270 673 4333 in
691 4290 874 4355 quenquam
888 4280 1013 4331 tantum
1030 4263 1141 4340 scelus,
1154 4280 1190 4330 ut
1206 4293 1241 4332 os

288 4397 381 4439 suum
398 4389 496 4460 ponat
514 4374 544 4437 in
561 4372 690 4446 coelum,
713 4383 744 4433 et
761 4382 889 4454 patrum
913 4389 988 4452 quae
1009 4386 1069 4428 nou
1093 4379 1168 4431 sunt
1182 4392 1241 4456 pu.
