3550 5467
425 743 486 802 174
689 747 826 801 tonnms
842 751 1120 799 sanesnaruausrs
1223 738 1307 814 [am.
1325 757 1375 802 vn.

422 930 441 969 a
457 907 533 970 locis
549 906 781 971 venerabilibus
799 905 945 970 examina
964 905 1203 972 conviventium
1227 907 1372 973 evolasse.

422 1009 512 1070 Adeo
532 1006 662 1093 quidem
680 1030 712 1070 se
733 1006 894 1089 religionis
913 1004 1032 1091 species
1055 1007 1172 1083 turbis,
1188 1021 1222 1073 et
1243 1009 1374 1095 publicis

420 1109 601 1194 aspectibus
615 1110 741 1194 ingerit.
789 1108 912 1172 Primus
932 1106 1112 1187 cathedras,
1126 1109 1294 1174 recubitus
1313 1114 1374 1196 pri·

420 1234 500 1287 mos,
516 1211 635 1297 primas
656 1211 860 1277 salutationes
882 1221 1049 1295 usurpant,
1063 1223 1096 1274 'et
1120 1209 1145 1273 si
1163 1234 1218 1277 eas
1238 1211 1372 1290 differas,

418 1312 687 1376 vehementissime
708 1312 927 1397 indignantur.
975 1311 1009 1374 Si
1032 1310 1078 1374 eis
1092 1310 1291 1397 obloqueris,
1306 1312 1372 1377 reli·

420 1418 523 1500 gionis
537 1415 684 1479 inimicus
694 1433 726 1480 et
743 1414 883 1480 veritatis
894 1414 1009 1478 diceris
1023 1412 1241 1498 impugnator.
1281 1417 1372 1480 Feras

419 1511 529 1603 itaque
550 1515 717 1602 patienter,
734 1517 757 1578 si
780 1515 913 1600 injurias
934 1526 966 1577 et
987 1511 1104 1576 damrm
1125 1513 1304 1590 intulerint,
1318 1517 1370 1602 qui

417 1620 575 1685 licentiam
605 1622 759 1695 omnium,
790 1617 977 1704 Apostolica
1005 1630 1037 1680 et
1068 1617 1157 1700 regia
1184 1619 1370 1683 auctoritate

419 1720 593 1784 obtinuisse
624 1719 782 1783 videntur.
842 1719 925 1780 Nam
961 1729 993 1780 et
1025 1716 1084 1779 hoc
1115 1714 1239 1780 meritis
1268 1739 1370 1783 eorum

417 1821 528 1886 deberi
557 1822 707 1886 creditur.
766 1823 847 1885 Sane
877 1819 934 1905 qui
968 1817 1084 1882 resistit
1116 1819 1282 1904 potestati,
1313 1819 1370 1884 Dei

418 1923 608 1987 ordinationi
625 1924 752 1987 resistit.
790 1923 857 1985 Nec
872 1945 932 2006 ego
948 1919 1141 2007 Apostolicae
1156 1918 1327 2003 majestati,
1341 1934 1370 1986 et

418 2025 513 2109 regias
522 2025 660 2090 arbitror
670 2024 901 2090 reluctandum.
935 2021 1039 2088 Miror
1050 2036 1169 2099 tamen,
1183 2036 1219 2088 ut
1232 2023 1369 2089 fidelium

417 2148 493 2211 pace
508 2125 631 2211 loquar,
645 2125 798 2212 quidnam
811 2128 863 2205 sit,
875 2125 962 2211 quod
974 2124 1123 2201 decimas,
1139 2137 1171 2189 et
1182 2124 1260 2210 jura
1274 2124 1370 2189 aliena

417 2249 571 2312 usurpare
597 2249 659 2289 non
685 2228 898 2293 erubescunt?
934 2227 1083 2313 inquient
1115 2226 1208 2305 forte,
1235 2226 1369 2311 religiosi

416 2349 532 2392 sumus.
581 2328 677 2393 Plane
693 2328 830 2393 decimas
851 2329 972 2393 solvere
990 2329 1151 2414 religionis
1172 2350 1250 2414 pars
1265 2341 1325 2405 est,
1339 2343 1369 2393 et

416 2452 502 2494 essa
519 2434 589 2495 Deo
610 2435 750 2517 populus
765 2431 924 2496 duntaxat
939 2431 1107 2516 religiosus
1120 2430 1275 2516 exigitur.
1320 2435 1365 2495 At

416 2530 475 2619 qui
500 2556 553 2598 eas
576 2534 719 2618 exigunt,
748 2533 913 2618 irreligiosi
940 2548 1025 2598 sunt.
1071 2537 1138 2596 Vos
1163 2546 1273 2597 autem
1297 2533 1368 2619 quis

415 2637 581 2702 constituit
598 2637 724 2722 judices
750 2660 846 2723 super
865 2639 940 2699 eos?
979 2639 1050 2699 Aut
1070 2634 1128 2719 qui
1153 2633 1230 2699 estis
1253 2648 1289 2699 ut
1316 2656 1368 2699 ex·

413 2739 546 2803 erceatis
569 2739 728 2826 judicium
757 2740 789 2803 in
820 2760 927 2802 servos
957 2738 1095 2801 alienos?
1135 2737 1365 2823 Unusquisque

414 2862 473 2905 suo
488 2841 617 2906 domino
632 2854 707 2919 stat,
718 2855 774 2907 aut
789 2841 884 2907 cadit.
923 2840 1064 2908 Stabunt
1079 2852 1199 2903 autem.
1240 2841 1365 2917 Sumus,

413 2942 576 3030 inquiunt,
599 2945 662 3009 tuti
685 2945 872 3032 Apostolico
893 2942 1072 3029 privilegio,
1096 2940 1190 3024 cujus
1217 2942 1366 3006 beneficio

412 3040 453 3105 de
468 3042 671 3107 nutrimentis
685 3043 866 3108 animalium
883 3057 915 3109 et
932 3044 1094 3109 laboribus
1110 3044 1210 3108 nostis
1231 3042 1366 3108 decimas

411 3145 594 3212 retinemus.
629 3152 754 3234 Nempe
767 3147 929 3234 Apostolis
939 3148 1044 3212 omnia
1056 3145 1165 3221 licent3
1190 3147 1246 3212 sed
1262 3151 1367 3212 omnia

410 3246 452 3310 ab
469 3250 662 3334 Apostolicis
679 3250 745 3313 lieri
768 3274 971 3337 nequaquam
993 3250 1134 3336 expedit.
1179 3254 1263 3315 Esto
1278 3250 1363 3337 quod

409 3347 457 3413 illi
473 3350 563 3413 vobis
582 3350 642 3412 hoc
659 3350 789 3415 licenter
809 3352 1034 3424 concesserint;
1066 3374 1121 3414 ros
1142 3373 1183 3414 an
1205 3364 1290 3415 recte
1312 3374 1366 3436 pe·

411 3448 535 3528 Neritis,
554 3449 699 3514 videatis.
745 3454 869 3539 Nempe
891 3458 947 3539 qui
969 3454 1063 3540 petit,
1086 3466 1123 3517 ut
1145 3453 1237 3539 quod
1260 3453 1364 3530 debet,

410 3570 471 3611 non
487 3549 591 3622 faciat,
603 3550 738 3634 justitioe
751 3568 944 3640 spontaneus
956 3578 1017 3619 non
1034 3555 1153 3621 obedit.
1193 3555 1361 3641 Numquid

408 3647 450 3713 de
472 3650 675 3715 nutrimentis
697 3654 777 3718 Abel
802 3657 976 3721 Dominum
1003 3679 1064 3720 non
1092 3656 1254 3741 respexit?
1286 3655 1363 3722 Cain

409 3750 658 3834 frugesobtulit3
676 3757 994 3844 rectequidem,quia
1002 3761 1141 3822 Domino
1150 3757 1363 3835 debebantur,

409 3852 463 3916 sed
486 3853 517 3916 in
542 3855 711 3939 partitione
734 3858 854 3945 iniqua,
874 3862 952 3925 dum
974 3860 1122 3926 divisioni
1142 3861 1269 3947 aliquid
1290 3860 1362 3925 sub

408 3956 517 4030 trahit,
544 3975 708 4042 peccatum
739 3964 920 4028 committit.
966 3969 1184 4051 acceptantur
1212 3986 1282 4049 prae
1307 3962 1361 4026 illo

407 4079 540 4122 munera
554 4061 633 4144 ejus,
650 4063 706 4149 qui
722 4065 820 4128 soetus
835 4066 1016 4130 animalium
1033 4088 1105 4130 cum
1130 4067 1271 4129 Domino
1291 4086 1361 4151 par·

407 4160 499 4224 titur.
551 4161 595 4223 Et
624 4161 707 4226 forte
737 4163 776 4226 de
805 4163 998 4231 animalibus
1027 4164 1206 4229 redduntur
1235 4163 1360 4239 rectius,

407 4262 484 4342 quia
510 4260 574 4323 sine
598 4262 726 4327 cultura
748 4279 779 4328 et
802 4287 879 4328 cura
901 4279 1009 4329 nostra
1035 4265 1239 4350 proveniunt.
1287 4262 1360 4329 Plus

405 4363 488 4422 enim
520 4359 635 4426 laboris
664 4380 712 4427 est
743 4363 773 4427 in
801 4365 949 4449 frugibus
975 4365 1114 4429 serendis
1139 4378 1171 4430 et
1196 4363 1361 4428 metendis.
