3550 5467
272 745 345 790 cia.
363 728 453 808 nrm]
631 744 884 791 eonrcaarrcus.
1172 739 1228 797 161

272 895 403 959 illorum
431 894 632 960 detestantur
660 896 837 961 audaciam.
884 896 1101 963 Nihilominus
1125 914 1229 965 tamen

270 996 428 1062 adversus
452 996 627 1062 Dominum
650 999 828 1084 eriguntur.
874 1001 1037 1065 Erubesce
1061 1001 1171 1081 Sidou,
1185 1004 1229 1068 ait

270 1121 378 1165 mare:
402 1114 437 1165 et
452 1112 487 1163 tu
501 1098 612 1163 clerice
627 1100 706 1186 quid
724 1103 830 1182 sentis,
841 1126 943 1189 quum
959 1101 1059 1168 laicus
1071 1104 1148 1190 legis
1164 1106 1228 1169 fere

270 1200 405 1287 ignarus
415 1201 619 1266 ambitionem
634 1216 720 1269 tuam
733 1205 838 1290 arguit
850 1219 881 1269 et
891 1210 1085 1292 compescit?
1109 1209 1228 1273 Obstu-

272 1325 366 1388 pesce
380 1302 548 1389 propheta,
562 1327 661 1388 quum
674 1303 762 1368 asina
777 1317 808 1368 te
820 1328 971 1369 sessorem
985 1329 1077 1371 suum
1090 1325 1227 1384 revocat,

271 1420 303 1469 et
322 1420 396 1468 tuos
411 1404 570 1468 convincit
586 1427 718 1468 errores.
755 1409 893 1470 Brutum
909 1406 1036 1485 animal,
1052 1407 1147 1471 homo
1162 1425 1227 1474 stu-

271 1509 383 1595 pidus,
403 1507 551 1592 angelum
575 1507 662 1572 videt
684 1521 840 1571 tenentem
863 1507 1018 1593 gladium,
1040 1509 1072 1573 id
1096 1524 1144 1575 est
1168 1513 1230 1599 spi-

272 1611 385 1688 ritum,
400 1611 456 1696 qui
473 1611 551 1674 latet
568 1613 599 1674 in
615 1609 719 1686 litera,
734 1621 766 1672 et
782 1623 817 1673 tu
833 1634 937 1674 caecus
952 1610 983 1674 in
1006 1625 1095 1676 tanto
1110 1612 1229 1677 lumine

271 1712 503 1797 scripturarum
518 1711 646 1775 insanus
659 1709 724 1773 ruis
735 1708 765 1772 in
778 1714 932 1773 mortem?
968 1712 1129 1775 Erubesce
1141 1737 1228 1799 ergo,

268 1812 474 1897 obstupesco,
503 1811 650 1886 subsiste,
680 1825 712 1874 et
742 1833 761 1873 a
792 1810 1023 1888 maledictione,
1054 1812 1094 1876 ad
1130 1837 1228 1900 quam

271 1914 408 1979 avaritia
431 1913 612 1978 stimulante
634 1914 775 1989 festinas,
792 1911 913 1992 recede,
928 1926 960 1977 et
983 1916 1041 2000 qui
1056 1922 1229 1982 contemnis

274 2018 414 2103 Moysen
437 2033 468 2081 et
491 2017 677 2102 prophetas,
702 2014 749 2078 vel
773 2016 904 2094 asinam,
927 2039 1024 2101 quam
1048 2018 1228 2083 ambitionis

274 2133 341 2183 tuoe
355 2119 530 2183 calcaribus
546 2141 651 2202 urges,
667 2118 751 2181 audi.
799 2118 833 2180 M
839 2117 958 2181 iraculo
973 2117 1130 2204 siquidem
1146 2144 1228 2206 opus

272 2234 331 2285 est.
379 2220 508 2283 Balaam
526 2218 640 2283 etenim
658 2240 720 2281 non
737 2219 921 2304 corripitur,
938 2218 996 2282 nisi
1017 2221 1105 2284 asina
1120 2221 1229 2308 loqua-

275 2336 339 2387 tur.
388 2321 502 2384 Nonne
512 2319 679 2394 erubescis,
693 2317 780 2404 quod
797 2333 829 2381 te
845 2319 888 2381 sic
900 2321 1083 2397 excaecavit,
1100 2323 1143 2385 sic
1160 2346 1228 2408 pes-

273 2423 426 2488 sundedit
450 2420 603 2507 suiipsius
632 2422 742 2506 ignara
764 2420 906 2500 ambitio,
930 2437 964 2485 ut
987 2423 1181 2508 propheticis
1196 2440 1227 2488 et

272 2525 391 2587 divinis
419 2522 555 2588 oraculis
582 2522 725 2586 ruditum
752 2523 848 2585 asinae
875 2523 1050 2609 praeferas?
1085 2526 1227 2589 Terreris

270 2624 365 2699 forte,
382 2637 413 2688 et
429 2622 642 2687 contremiscis
657 2622 688 2685 in
706 2645 812 2686 vocem
828 2622 934 2697 asinae,
952 2623 1008 2687 sed
1027 2647 1226 2710 nequaquam

271 2728 506 2813 compungeris.
554 2726 625 2788 Hoc
647 2725 728 2788 enim
745 2724 844 2788 divini
868 2724 957 2788 verbi
980 2748 1097 2791 munus
1118 2740 1176 2807 est,
1197 2741 1229 2791 et

273 2828 395 2893 donum
418 2827 513 2902 illius,
530 2826 586 2912 qui
608 2826 692 2890 solus
708 2825 738 2889 in
757 2827 916 2890 mentibus
933 2826 1105 2890 electorum
1122 2829 1228 2913 iguem

272 2929 415 2993 caritatis
430 2928 583 2992 accendit.
616 2927 710 2993 Unde
723 2927 832 3013 liquet,
845 2928 921 3012 quia
937 2926 1092 2991 inutiliter
1107 2930 1226 2992 asinam

271 3030 377 3108 audit,
393 3029 576 3116 quicunque
599 3029 686 3095 verbi
703 3029 764 3094 Dei
781 3029 954 3092 contemnit
975 3052 1092 3093 vocem.
1138 3031 1227 3095 Audi

272 3144 379 3196 tamen
395 3145 427 3195 ct
450 3131 568 3195 asinam
592 3131 681 3195 utilia
705 3129 902 3206 suadentem,
919 3133 995 3216 quia
1017 3142 1049 3194 et
1074 3135 1105 3195 in
1129 3156 1166 3196 ea
1187 3134 1227 3196 ad

274 3232 583 3297 eruditionemtuam
597 3231 886 3319 spiritusloquitur.
914 3231 1228 3317 Praevidctangelum

274 3335 474 3400 cohibentem
490 3334 617 3399 illicitos
631 3356 761 3420 grossus
774 3347 857 3410 tuos,
869 3346 900 3396 et
917 3357 989 3397 enm
1005 3335 1144 3400 ostendit
1160 3337 1229 3401 tibi.

276 3437 1228 3527 Quaviaadhonoresecclesiasticosadscendendumsit,quae

275 3542 326 3603 via
341 3540 383 3603 sit
398 3538 563 3624 fugienda,
583 3561 717 3602 canones
732 3537 857 3603 docent.
903 3542 1089 3605 Contemnis
1112 3555 1228 3622 tamen,

273 3640 350 3726 quia
367 3639 399 3702 in
421 3639 471 3702 via
494 3638 715 3702 mandatorum
739 3642 812 3719 Dei,
828 3662 889 3704 non
911 3640 998 3706 vides
1021 3642 1168 3726 angelum
1186 3661 1229 3710 te-

274 3755 400 3805 nentem
421 3740 576 3826 gladium,
592 3754 628 3804 ut
643 3740 765 3804 occidat
782 3756 823 3805 te.
869 3743 991 3806 Eadem
1007 3743 1126 3809 incedit
1142 3747 1229 3810 asina

273 3845 369 3908 homo
385 3847 434 3908 tui
450 3843 617 3907 collatione
633 3843 766 3908 stolidus
781 3858 812 3908 et
830 3843 953 3921 tardus,
970 3860 1001 3909 et
1017 3846 1075 3931 qui
1091 3849 1178 3911 verbi
1194 3864 1226 3912 ct

273 3946 411 4032 exempli
429 3944 476 4010 tui
492 3945 668 4010 calcaribus
684 3946 846 4030 urgendus
867 3961 926 4022 est,
945 3962 980 4012 ut
1001 3948 1098 4013 faciat
1114 3954 1228 4035 legem,

275 4049 362 4113 videt
377 4047 541 4134 angelum,
558 4051 660 4122 timet,
677 4049 835 4124 subsistit,
851 4061 882 4113 et
902 4050 1067 4114 consilium
1093 4051 1153 4113 Dei
1170 4052 1227 4115 tibi

272 4155 430 4218 enunciat.
486 4151 648 4237 Loquitur
678 4152 709 4213 in
735 4175 808 4215 casu
837 4151 908 4215 isto.
963 4151 1016 4214 Tu
1041 4152 1229 4215 miraculum

275 4277 432 4334 venerare,
446 4268 478 4318 et
495 4255 621 4337 singula
640 4254 737 4315 verba
759 4254 828 4337 ejus
848 4277 974 4338 repone,
991 4267 1022 4317 et
1044 4251 1178 4334 exculpe
1200 4255 1229 4316 iu

270 4356 391 4420 tabulis
419 4355 526 4418 cordis
543 4355 589 4419 tui

316 4479 388 4524 von.
407 4479 450 4521 tv.
742 4477 766 4520 u
