3550 5467
404 781 472 828 aar.
488 763 593 844 xvia]
793 776 1045 825 eonrcaamcus.
1303 760 1361 826 145

403 950 459 1015 est,
468 933 561 1019 quod
574 931 617 998 ad
628 928 854 995 conciliandam
865 934 1039 1017 potentiam
1050 931 1360 1018 effundunturopcs;

404 1048 436 1100 et
457 1048 586 1122 quanto
609 1036 683 1119 quis
704 1033 855 1118 potentiae
876 1031 1024 1118 cupidior
1046 1047 1104 1110 est,
1127 1013 1217 1098 tanto
1242 1057 1294 1098 eas
1316 1033 1363 1096 fa.

407 1137 500 1200 cilius
522 1119 693 1220 expenditss
738 1134 845 1209 Quum
874 1154 949 1195 vero
971 1135 1146 1218 potentiam
1169 1147 1280 1198 nactus
1303 1149 1361 1205 est,

407 1240 543 1324 erigitur
559 1237 591 1300 in
605 1233 820 1322 tyrannidem,
835 1246 868 1298 et
879 1234 1030 1319 aequitate
1039 1248 1229 1320 contempta,
1241 1250 1364 1300 naturae

409 1352 440 1403 et
465 1336 662 1403 conditionis
684 1349 854 1411 consortes,
877 1335 1062 1420 inspiciente
1086 1340 1166 1416 Deo,
1187 1337 1364 1423 deprimere

408 1463 471 1505 non
485 1452 623 1505 veretur.
650 1437 693 1502 Et
704 1436 776 1502 licet
787 1460 897 1502 omnes
906 1461 1061 1524 occupare
1074 1439 1267 1525 nonpossint
1280 1442 1365 1524 prin·

411 1544 538 1630 cipatus
557 1553 589 1605 et
610 1562 721 1626 regna,
738 1561 758 1602 a
773 1539 942 1624 tyrannide
958 1557 1062 1603 tamen
1078 1541 1205 1605 omnino
1220 1542 1368 1606 immunis

412 1657 460 1711 est
475 1658 532 1709 aut
549 1642 670 1723 nullus,
684 1652 742 1706 aut
756 1663 856 1704 rarus.
903 1642 1032 1706 Dicitur
1048 1656 1152 1708 autem
1169 1644 1245 1729 quia
1261 1657 1369 1729 tyran·

413 1770 474 1811 nus
485 1760 546 1823 est,
559 1744 615 1832 qui
628 1744 766 1808 violenta
778 1742 993 1806 dominatione
1005 1744 1158 1830 populum
1172 1745 1300 1828 premit:
1315 1747 1370 1810 sed

414 1862 520 1914 tamen
530 1845 763 1932 noninpopulo
772 1844 1189 1930 tantum‚sedinquantavis
1198 1845 1369 1932 paucitate,

415 1964 521 2039 potest
537 1950 675 2035 quisquc
686 1970 775 2012 suam
793 1946 994 2032 tyrannidem
1011 1968 1166 2014 exercere.
1213 1952 1295 2013 Nam
1311 1949 1371 2013 etsi

416 2075 478 2117 uon
501 2053 637 2140 populo,
661 2064 766 2114 tamen
791 2064 951 2136 quatenus
974 2051 1107 2136 quisque
1129 2063 1247 2136 potest,
1269 2050 1371 2115 domi-

417 2168 523 2217 natur.
570 2152 643 2215 Non
666 2154 749 2215 enim
777 2150 817 2214 de
838 2150 889 2213 his
912 2151 1083 2216 institutus
1107 2164 1153 2215 est
1176 2173 1289 2229 sermo,
1312 2151 1370 2237 qui

417 2267 493 2321 suut
509 2254 641 2318 omnino
663 2251 759 2314 animi
775 2250 934 2328 defecati,
949 2262 981 2314 et
1004 2251 1199 2338 subjectione
1221 2255 1373 2316 continua

417 2355 605 2442 gaudentes,
635 2352 730 2417 alicui
760 2352 791 2415 in
816 2353 882 2416 vita
911 2375 1047 2438 praeesse
1077 2354 1252 2440 refugiunt.
1299 2355 1373 2419 Vita

418 2456 527 2543 potius
542 2454 745 2542 politicorum
761 2454 953 2518 excutienda
967 2470 1022 2520 est.
1068 2457 1170 2532 Quem
1190 2456 1266 2519 mihi
1283 2455 1374 2519 dabis

419 2558 601 2634 interillos,
618 2556 673 2641 qui
699 2577 760 2618 non
777 2556 854 2620 volit
879 2555 929 2619 vel
954 2578 1050 2620 unum
1068 2557 1210 2641 potentia
1229 2556 1373 2619 anteire?

421 2658 505 2734 Quis
519 2672 567 2723 est
583 2657 640 2744 qui
659 2656 739 2721 nolit
754 2657 813 2720 sibi
832 2657 888 2742 jus
904 2680 970 2722 esse
991 2661 1023 2721 in
1044 2657 1210 2743 aliquem?
1235 2656 1314 2734 Quis
1328 2671 1375 2722 est

420 2762 475 2847 qni
491 2763 536 2824 sic
548 2758 715 2822 subditum
728 2767 852 2833 tractet,
865 2761 947 2821 sicut
959 2780 991 2820 se
1003 2757 1098 2821 vellet
1110 2758 1250 2836 tractari,
1261 2758 1286 2820 si
1301 2758 1376 2821 sub·

421 2862 576 2925 deretur?
601 2863 689 2923 Dum
711 2881 788 2943 crgo
804 2859 936 2924 ambitio
951 2858 1125 2933 invalescit,
1141 2859 1261 2923 calcata
1276 2863 1377 2944 aequi·

422 2975 500 3039 tate,
512 2961 657 3048 procedit
667 2960 835 3047 injustitia,
844 2971 876 3023 et
888 2960 1068 3047 tyrannidis
1079 2984 1251 3046 procurans
1260 2975 1377 3037 ortum,

424 3064 531 3129 omnia
545 3063 666 3149 quibus
687 3061 743 3127 illa
762 3063 886 3138 crescit,
908 3063 1087 3147 exequitur.
1134 3062 1199 3136 Qui
1218 3087 1293 3149 ergo
1315 3065 1380 3127 suis

425 3188 487 3231 non
518 3164 663 3252 prevalet
693 3165 829 3240 viribus,
858 3165 975 3228 nititur
1003 3163 1122 3229 alienis.
1182 3167 1242 3230 Est
1273 3167 1379 3230 videre

427 3266 682 3353 quamplurimos
697 3290 838 3352 aucupes
860 3278 1067 3353 potestatum,
1085 3267 1240 3331 honorum
1256 3290 1379 3352 procos,

427 3370 590 3435 adherere
613 3370 809 3455 potentibus,
825 3382 856 3433 et
873 3393 906 3432 se
928 3368 1127 3455 Reipublicae
1147 3370 1264 3434 muniis
1278 3371 1382 3434 immi-

429 3494 525 3551 scere,
548 3483 704 3536 tentantes
727 3471 811 3533 viam
834 3470 891 3555 qui
914 3493 946 3532 se
969 3471 1122 3554 possinte
1145 3471 1251 3547 latere,
1276 3472 1324 3535 vel
1340 3497 1381 3538 ex

431 3574 563 3637 adrerso
585 3575 618 3636 in
641 3571 742 3635 altum
766 3571 887 3648 tollere,
912 3595 976 3656 qno
998 3594 1065 3655 pra}
1087 3572 1156 3638 aliis
1171 3577 1303 3658 possint,
1325 3589 1381 3640 aut

432 3674 541 3739 saltem
558 3695 652 3760 posse
667 3670 789 3736 ratione
804 3672 953 3736 consortii
977 3672 1154 3737 videantur.
1200 3676 1382 3740 Effundunt

434 3773 637 3861 patrimonia,
660 3774 783 3838 labores
811 3777 982 3839 immensos
1003 3774 1243 3859 aggrediuntur,
1265 3789 1297 3840 et
1313 3800 1385 3862 per·

433 3875 553 3951 ierunt,
568 3875 687 3939 instare
702 3874 872 3960 obsequiis,
888 3888 920 3938 et
930 3874 1094 3940 blanditiis
1108 3876 1287 3952 sollicitare,
1304 3899 1385 3963 quos

434 3987 575 4062 captant,
600 3998 663 4038 non
687 3989 846 4039 verentur.
893 3974 1027 4039 Nullum
1054 3997 1130 4061 ergo
1152 3975 1289 4042 officium
1314 4002 1385 4061 gra-

435 4079 553 4144 tuitum
570 4090 630 4154 est,
647 4100 708 4141 non
725 4077 791 4144 dux
807 4091 862 4142 aut
874 4077 988 4163 judex,
1004 4078 1145 4144 centurio
1162 4093 1218 4143 aut
1235 4079 1384 4152 decanus,

437 4180 488 4243 sed
506 4202 564 4243 nec
585 4200 702 4265 praeoo,
719 4202 775 4242 nec
797 4201 911 4263 caupo,
934 4179 993 4242 nisi
1017 4181 1056 4243 ad
1072 4180 1214 4264 precium
1229 4179 1293 4240 fiet.
1339 4179 1386 4239 At

437 4280 502 4345 haec
524 4280 556 4343 in
580 4279 722 4365 profanis
745 4279 934 4358 tolerabilia,
951 4280 1027 4343 dum
1051 4301 1127 4364 quae
1150 4277 1278 4362 publica
1301 4293 1386 4351 sunt,

438 4379 569 4446 ambitio
595 4402 657 4443 non
682 4394 875 4465 corrumpat.
922 4382 1004 4442 Nam
1035 4399 1235 4465 quaecunque
1258 4376 1387 4462 publica

479 4502 552 4546 von.
569 4501 613 4545 iv·
907 4500 924 4541 ι
