<?xml version="1.0" encoding="UTF-8"?>
<!DOCTYPE html PUBLIC "-//W3C//DTD XHTML 1.0 Transitional//EN"
    "http://www.w3.org/TR/xhtml1/DTD/xhtml1-transitional.dtd">
<html xmlns="http://www.w3.org/1999/xhtml" xml:lang="en" lang="en">
 <head>
  <title>
</title>
<meta http-equiv="Content-Type" content="text/html;charset=utf-8" />
  <meta name='ocr-system' content='tesseract 3.04.00' />
  <meta name='ocr-capabilities' content='ocr_page ocr_carea ocr_par ocr_line ocrx_word'/>
</head>
<body>
  <div class='ocr_page' id='page_1' title='image "./joannissaresber17johngoog_0047.png"; bbox 0 0 3550 5467; ppageno 0'>
   <div class='ocr_carea' id='block_1_1' title="bbox 338 755 1290 835">
    <p class='ocr_par' dir='ltr' id='par_1_1' title="bbox 338 755 1290 835">
     <span class='ocr_line' id='line_1_1' title="bbox 338 755 1290 835; baseline 0.001 -20"><span class='ocrx_word' id='word_1_1' title='bbox 338 771 405 817; x_wconf 78' lang='lat' dir='ltr'><strong>car.</strong></span> <span class='ocrx_word' id='word_1_2' title='bbox 420 755 507 835; x_wconf 64' lang='grc' dir='ltr'><strong>ιιι]</strong></span> <span class='ocrx_word' id='word_1_3' title='bbox 688 772 944 818; x_wconf 77' lang='lat' dir='ltr'><strong>norrcmrrcns.</strong></span> <span class='ocrx_word' id='word_1_4' title='bbox 1247 759 1290 818; x_wconf 81' lang='lat'><strong>3⁷</strong></span> 
     </span>
    </p>
   </div>
   <div class='ocr_carea' id='block_1_2' title="bbox 319 924 1318 4432">
    <p class='ocr_par' dir='ltr' id='par_1_2' title="bbox 319 924 1318 4432">
     <span class='ocr_line' id='line_1_2' title="bbox 332 924 1286 1009; baseline 0.005 -24"><span class='ocrx_word' id='word_1_5' title='bbox 332 945 417 988; x_wconf 86' lang='lat' dir='ltr'><strong>mora</strong></span> <span class='ocrx_word' id='word_1_6' title='bbox 432 934 465 988; x_wconf 88' lang='lat' dir='ltr'><strong>et</strong></span> <span class='ocrx_word' id='word_1_7' title='bbox 477 925 600 988; x_wconf 82' lang='lat' dir='ltr'><strong>viribus</strong></span> <span class='ocrx_word' id='word_1_8' title='bbox 615 924 766 988; x_wconf 89' lang='lat' dir='ltr'><strong>nesciunt</strong></span> <span class='ocrx_word' id='word_1_9' title='bbox 777 946 971 1009; x_wconf 87' lang='lat' dir='ltr'><strong>expugnare.</strong></span> <span class='ocrx_word' id='word_1_10' title='bbox 1017 925 1166 1006; x_wconf 81' lang='lat' dir='ltr'><strong>Pugnant</strong></span> <span class='ocrx_word' id='word_1_11' title='bbox 1181 937 1286 990; x_wconf 89' lang='lat' dir='ltr'><strong>antem</strong></span> 
     </span>
     <span class='ocr_line' id='line_1_3' title="bbox 331 1025 1286 1109; baseline 0.002 -21"><span class='ocrx_word' id='word_1_12' title='bbox 331 1026 591 1106; x_wconf 83' lang='lat' dir='ltr'><strong>procurrentibus</strong></span> <span class='ocrx_word' id='word_1_13' title='bbox 606 1025 708 1109; x_wconf 90' lang='lat' dir='ltr'><strong>equis,</strong></span> <span class='ocrx_word' id='word_1_14' title='bbox 720 1037 775 1088; x_wconf 89' lang='lat' dir='ltr'><strong>aut</strong></span> <span class='ocrx_word' id='word_1_15' title='bbox 789 1035 877 1107; x_wconf 86' lang='lat' dir='ltr'><strong>terga</strong></span> <span class='ocrx_word' id='word_1_16' title='bbox 889 1025 1050 1105; x_wconf 89' lang='lat' dir='ltr'><strong>dantibus,</strong></span> <span class='ocrx_word' id='word_1_17' title='bbox 1059 1027 1176 1109; x_wconf 75' lang='lat' dir='ltr'><strong>saepius</strong></span> <span class='ocrx_word' id='word_1_18' title='bbox 1189 1027 1286 1090; x_wconf 90' lang='lat' dir='ltr'><strong>etiam</strong></span> 
     </span>
     <span class='ocr_line' id='line_1_4' title="bbox 331 1123 1283 1210; baseline 0.005 -24"><span class='ocrx_word' id='word_1_19' title='bbox 331 1124 556 1189; x_wconf 79' lang='lat' dir='ltr'>simulantibus</span> <span class='ocrx_word' id='word_1_20' title='bbox 579 1125 699 1208; x_wconf 86' lang='lat' dir='ltr'><strong>fugam.</strong></span> <span class='ocrx_word' id='word_1_21' title='bbox 746 1123 881 1206; x_wconf 81' lang='lat' dir='ltr'>Signum</span> <span class='ocrx_word' id='word_1_22' title='bbox 905 1125 955 1188; x_wconf 88' lang='lat' dir='ltr'><strong>his</strong></span> <span class='ocrx_word' id='word_1_23' title='bbox 977 1148 1019 1188; x_wconf 84' lang='lat' dir='ltr'><strong>ex</strong></span> <span class='ocrx_word' id='word_1_24' title='bbox 1040 1126 1172 1210; x_wconf 90' lang='lat' dir='ltr'><strong>antiquo</strong></span> <span class='ocrx_word' id='word_1_25' title='bbox 1195 1148 1283 1191; x_wconf 85' lang='lat' dir='ltr'><strong>moro</strong></span> 
     </span>
     <span class='ocr_line' id='line_1_5' title="bbox 330 1225 1284 1310; baseline 0.004 -23"><span class='ocrx_word' id='word_1_26' title='bbox 330 1246 394 1288; x_wconf 91' lang='lat' dir='ltr'><strong>non</strong></span> <span class='ocrx_word' id='word_1_27' title='bbox 424 1228 514 1304; x_wconf 88' lang='lat' dir='ltr'><strong>tuba,</strong></span> <span class='ocrx_word' id='word_1_28' title='bbox 539 1226 595 1290; x_wconf 89' lang='lat' dir='ltr'><strong>sed</strong></span> <span class='ocrx_word' id='word_1_29' title='bbox 627 1237 779 1309; x_wconf 83' lang='lat' dir='ltr'><strong>tympano</strong></span> <span class='ocrx_word' id='word_1_30' title='bbox 809 1225 910 1289; x_wconf 86' lang='lat' dir='ltr'><strong>datur.</strong></span> <span class='ocrx_word' id='word_1_31' title='bbox 962 1227 1032 1290; x_wconf 91' lang='lat' dir='ltr'><strong>Nec</strong></span> <span class='ocrx_word' id='word_1_32' title='bbox 1063 1248 1203 1310; x_wconf 89' lang='lat' dir='ltr'><strong>pugnare</strong></span> <span class='ocrx_word' id='word_1_33' title='bbox 1228 1226 1284 1292; x_wconf 91' lang='lat' dir='ltr'><strong>din</strong></span> 
     </span>
     <span class='ocr_line' id='line_1_6' title="bbox 330 1327 1285 1411; baseline 0.003 -22"><span class='ocrx_word' id='word_1_34' title='bbox 330 1337 482 1411; x_wconf 83' lang='lat' dir='ltr'><strong>possunt3</strong></span> <span class='ocrx_word' id='word_1_35' title='bbox 514 1328 590 1411; x_wconf 88' lang='lat' dir='ltr'><strong>qnia</strong></span> <span class='ocrx_word' id='word_1_36' title='bbox 619 1327 837 1390; x_wconf 79' lang='lat' dir='ltr'><strong>intolerabiles</strong></span> <span class='ocrx_word' id='word_1_37' title='bbox 866 1337 984 1401; x_wconf 91' lang='lat' dir='ltr'><strong>essent,</strong></span> <span class='ocrx_word' id='word_1_38' title='bbox 1011 1328 1038 1391; x_wconf 90' lang='lat' dir='ltr'><strong>si</strong></span> <span class='ocrx_word' id='word_1_39' title='bbox 1068 1338 1207 1411; x_wconf 87' lang='lat' dir='ltr'><strong>quantus</strong></span> <span class='ocrx_word' id='word_1_40' title='bbox 1234 1339 1285 1393; x_wconf 88' lang='lat' dir='ltr'><strong>est</strong></span> 
     </span>
     <span class='ocr_line' id='line_1_7' title="bbox 330 1429 1284 1513; baseline 0.003 -22"><span class='ocrx_word' id='word_1_41' title='bbox 330 1449 438 1492; x_wconf 89' lang='lat' dir='ltr'><strong>eornm</strong></span> <span class='ocrx_word' id='word_1_42' title='bbox 468 1429 619 1511; x_wconf 89' lang='lat' dir='ltr'><strong>impetus,</strong></span> <span class='ocrx_word' id='word_1_43' title='bbox 640 1438 731 1490; x_wconf 85' lang='lat' dir='ltr'><strong>tanta</strong></span> <span class='ocrx_word' id='word_1_44' title='bbox 760 1441 845 1491; x_wconf 88' lang='lat' dir='ltr'><strong>esset</strong></span> <span class='ocrx_word' id='word_1_45' title='bbox 867 1431 1109 1513; x_wconf 87' lang='lat' dir='ltr'><strong>perseverantia.</strong></span> <span class='ocrx_word' id='word_1_46' title='bbox 1160 1430 1284 1494; x_wconf 90' lang='lat' dir='ltr'><strong>Natura</strong></span> 
     </span>
     <span class='ocr_line' id='line_1_8' title="bbox 331 1527 1282 1612; baseline 0.003 -22"><span class='ocrx_word' id='word_1_47' title='bbox 331 1529 437 1604; x_wconf 83' lang='lat' dir='ltr'><strong>taciti3</strong></span> <span class='ocrx_word' id='word_1_48' title='bbox 452 1528 494 1591; x_wconf 89' lang='lat' dir='ltr'><strong>ad</strong></span> <span class='ocrx_word' id='word_1_49' title='bbox 509 1527 703 1604; x_wconf 85' lang='lat' dir='ltr'><strong>faciendum,</strong></span> <span class='ocrx_word' id='word_1_50' title='bbox 715 1549 811 1612; x_wconf 91' lang='lat' dir='ltr'><strong>quam</strong></span> <span class='ocrx_word' id='word_1_51' title='bbox 823 1528 863 1591; x_wconf 86' lang='lat' dir='ltr'><strong>ad</strong></span> <span class='ocrx_word' id='word_1_52' title='bbox 876 1528 1048 1592; x_wconf 90' lang='lat' dir='ltr'><strong>dicendum</strong></span> <span class='ocrx_word' id='word_1_53' title='bbox 1060 1530 1282 1612; x_wconf 84' lang='lat' dir='ltr'><strong>promptiores.</strong></span> 
     </span>
     <span class='ocr_line' id='line_1_9' title="bbox 332 1627 1281 1714; baseline 0.003 -24"><span class='ocrx_word' id='word_1_54' title='bbox 332 1630 370 1690; x_wconf 93' lang='lat' dir='ltr'><strong>ln</strong></span> <span class='ocrx_word' id='word_1_55' title='bbox 385 1631 494 1693; x_wconf 87' lang='lat' dir='ltr'><strong>eibum</strong></span> <span class='ocrx_word' id='word_1_56' title='bbox 508 1629 609 1714; x_wconf 89' lang='lat' dir='ltr'><strong>parci,</strong></span> <span class='ocrx_word' id='word_1_57' title='bbox 623 1627 705 1691; x_wconf 87' lang='lat' dir='ltr'><strong>fides</strong></span> <span class='ocrx_word' id='word_1_58' title='bbox 720 1628 798 1692; x_wconf 91' lang='lat' dir='ltr'><strong>dicti</strong></span> <span class='ocrx_word' id='word_1_59' title='bbox 814 1629 1026 1712; x_wconf 89' lang='lat' dir='ltr'><strong>promissique</strong></span> <span class='ocrx_word' id='word_1_60' title='bbox 1048 1632 1145 1692; x_wconf 87' lang='lat' dir='ltr'><strong>nulla.</strong></span> <span class='ocrx_word' id='word_1_61' title='bbox 1191 1631 1281 1693; x_wconf 90' lang='lat' dir='ltr'><strong>Prin-</strong></span> 
     </span>
     <span class='ocr_line' id='line_1_10' title="bbox 331 1730 1282 1815; baseline 0 -21"><span class='ocrx_word' id='word_1_62' title='bbox 331 1731 459 1813; x_wconf 82' lang='lat' dir='ltr'><strong>cipibus</strong></span> <span class='ocrx_word' id='word_1_63' title='bbox 470 1740 641 1809; x_wconf 92' lang='lat' dir='ltr'><strong>metn,non</strong></span> <span class='ocrx_word' id='word_1_64' title='bbox 656 1730 778 1814; x_wconf 89' lang='lat' dir='ltr'><strong>pudore</strong></span> <span class='ocrx_word' id='word_1_65' title='bbox 796 1733 845 1794; x_wconf 81' lang='lat' dir='ltr'><strong>vel</strong></span> <span class='ocrx_word' id='word_1_66' title='bbox 861 1731 1013 1812; x_wconf 83' lang='lat' dir='ltr'><strong>religione</strong></span> <span class='ocrx_word' id='word_1_67' title='bbox 1025 1743 1147 1815; x_wconf 88' lang='lat' dir='ltr'><strong>parent.</strong></span> <span class='ocrx_word' id='word_1_68' title='bbox 1191 1732 1282 1795; x_wconf 89' lang='lat' dir='ltr'><strong>Prin·</strong></span> 
     </span>
     <span class='ocr_line' id='line_1_11' title="bbox 329 1831 1282 1916; baseline 0.003 -24"><span class='ocrx_word' id='word_1_69' title='bbox 329 1831 455 1914; x_wconf 89' lang='lat' dir='ltr'><strong>cipatns</strong></span> <span class='ocrx_word' id='word_1_70' title='bbox 475 1853 551 1896; x_wconf 86' lang='lat' dir='ltr'><strong>vero</strong></span> <span class='ocrx_word' id='word_1_71' title='bbox 574 1853 669 1916; x_wconf 90' lang='lat' dir='ltr'><strong>quem</strong></span> <span class='ocrx_word' id='word_1_72' title='bbox 692 1832 868 1915; x_wconf 88' lang='lat' dir='ltr'><strong>corrumpit</strong></span> <span class='ocrx_word' id='word_1_73' title='bbox 882 1832 1023 1911; x_wconf 84' lang='lat' dir='ltr'><strong>luxuria,</strong></span> <span class='ocrx_word' id='word_1_74' title='bbox 1038 1832 1093 1894; x_wconf 91' lang='lat' dir='ltr'><strong>din</strong></span> <span class='ocrx_word' id='word_1_75' title='bbox 1114 1843 1197 1895; x_wconf 90' lang='lat' dir='ltr'><strong>stare</strong></span> <span class='ocrx_word' id='word_1_76' title='bbox 1216 1853 1282 1896; x_wconf 94' lang='lat' dir='ltr'><strong>non</strong></span> 
     </span>
     <span class='ocr_line' id='line_1_12' title="bbox 329 1934 1281 2018; baseline 0.001 -23"><span class='ocrx_word' id='word_1_77' title='bbox 329 1942 444 2015; x_wconf 92' lang='lat' dir='ltr'><strong>potest.</strong></span> <span class='ocrx_word' id='word_1_78' title='bbox 503 1935 568 1996; x_wconf 85' lang='lat' dir='ltr'><strong>Ant</strong></span> <span class='ocrx_word' id='word_1_79' title='bbox 597 1934 625 1995; x_wconf 90' lang='lat' dir='ltr'><strong>si</strong></span> <span class='ocrx_word' id='word_1_80' title='bbox 655 1934 788 2010; x_wconf 87' lang='lat' dir='ltr'><strong>steterit,</strong></span> <span class='ocrx_word' id='word_1_81' title='bbox 817 1934 1019 2017; x_wconf 86' lang='lat' dir='ltr'><strong>opprimente</strong></span> <span class='ocrx_word' id='word_1_82' title='bbox 1049 1934 1176 2018; x_wconf 90' lang='lat' dir='ltr'><strong>jndicio</strong></span> <span class='ocrx_word' id='word_1_83' title='bbox 1207 1934 1281 2010; x_wconf 90' lang='lat' dir='ltr'><strong>Dei,</strong></span> 
     </span>
     <span class='ocr_line' id='line_1_13' title="bbox 330 2033 1280 2117; baseline 0.003 -22"><span class='ocrx_word' id='word_1_84' title='bbox 330 2043 455 2097; x_wconf 80' lang='lat' dir='ltr'><strong>evomet</strong></span> <span class='ocrx_word' id='word_1_85' title='bbox 468 2033 623 2117; x_wconf 90' lang='lat' dir='ltr'><strong>quicquid</strong></span> <span class='ocrx_word' id='word_1_86' title='bbox 642 2034 865 2097; x_wconf 80' lang='lat' dir='ltr'><strong>immoderatio</strong></span> <span class='ocrx_word' id='word_1_87' title='bbox 885 2035 1022 2097; x_wconf 71' lang='lat' dir='ltr'><strong>luxuriae</strong></span> <span class='ocrx_word' id='word_1_88' title='bbox 1045 2034 1161 2098; x_wconf 86' lang='lat' dir='ltr'><strong>bausit.</strong></span> <span class='ocrx_word' id='word_1_89' title='bbox 1206 2036 1280 2098; x_wconf 93' lang='lat' dir='ltr'><strong>Mo·</strong></span> 
     </span>
     <span class='ocr_line' id='line_1_14' title="bbox 330 2130 1281 2218; baseline 0.004 -25"><span class='ocrx_word' id='word_1_90' title='bbox 330 2130 407 2194; x_wconf 92' lang='lat' dir='ltr'><strong>dnm</strong></span> <span class='ocrx_word' id='word_1_91' title='bbox 427 2132 585 2217; x_wconf 88' lang='lat' dir='ltr'><strong>siquidem</strong></span> <span class='ocrx_word' id='word_1_92' title='bbox 608 2133 657 2195; x_wconf 91' lang='lat' dir='ltr'><strong>sni</strong></span> <span class='ocrx_word' id='word_1_93' title='bbox 683 2132 798 2209; x_wconf 91' lang='lat' dir='ltr'><strong>nescit,</strong></span> <span class='ocrx_word' id='word_1_94' title='bbox 822 2154 882 2196; x_wconf 89' lang='lat' dir='ltr'><strong>nec</strong></span> <span class='ocrx_word' id='word_1_95' title='bbox 907 2145 979 2197; x_wconf 89' lang='lat' dir='ltr'><strong>ante</strong></span> <span class='ocrx_word' id='word_1_96' title='bbox 1005 2135 1281 2218; x_wconf 86' lang='lat' dir='ltr'><strong>intemperantiam</strong></span> 
     </span>
     <span class='ocr_line' id='line_1_15' title="bbox 331 2226 1279 2317; baseline 0.005 -24"><span class='ocrx_word' id='word_1_97' title='bbox 331 2232 483 2316; x_wconf 88' lang='lat' dir='ltr'><strong>reprimit,</strong></span> <span class='ocrx_word' id='word_1_98' title='bbox 497 2254 593 2317; x_wconf 92' lang='lat' dir='ltr'><strong>quam</strong></span> <span class='ocrx_word' id='word_1_99' title='bbox 609 2254 652 2295; x_wconf 87' lang='lat' dir='ltr'><strong>ex</strong></span> <span class='ocrx_word' id='word_1_100' title='bbox 664 2232 899 2314; x_wconf 87' lang='lat' dir='ltr'><strong>indulgentiore</strong></span> <span class='ocrx_word' id='word_1_101' title='bbox 914 2235 1046 2298; x_wconf 90' lang='lat' dir='ltr'><strong>licentia</strong></span> <span class='ocrx_word' id='word_1_102' title='bbox 1056 2236 1090 2296; x_wconf 91' lang='lat' dir='ltr'><strong>in</strong></span> <span class='ocrx_word' id='word_1_103' title='bbox 1103 2226 1279 2299; x_wconf 76' lang='lat' dir='ltr'><strong>extremam</strong></span> 
     </span>
     <span class='ocr_line' id='line_1_16' title="bbox 329 2332 1278 2418; baseline 0.005 -24"><span class='ocrx_word' id='word_1_104' title='bbox 329 2332 558 2415; x_wconf 87' lang='lat' dir='ltr'><strong>turpitudinem</strong></span> <span class='ocrx_word' id='word_1_105' title='bbox 574 2333 809 2417; x_wconf 84' lang='lat' dir='ltr'><strong>prolabebatur.</strong></span> <span class='ocrx_word' id='word_1_106' title='bbox 854 2335 1056 2417; x_wconf 67' lang='lat' dir='ltr'><strong>Assyriorum</strong></span> <span class='ocrx_word' id='word_1_107' title='bbox 1073 2334 1196 2399; x_wconf 91' lang='lat' dir='ltr'><strong>discute</strong></span> <span class='ocrx_word' id='word_1_108' title='bbox 1210 2337 1278 2418; x_wconf 89' lang='lat' dir='ltr'><strong>pla·</strong></span> 
     </span>
     <span class='ocr_line' id='line_1_17' title="bbox 329 2434 1280 2517; baseline 0.005 -22"><span class='ocrx_word' id='word_1_109' title='bbox 329 2454 396 2514; x_wconf 88' lang='lat' dir='ltr'><strong>gas,</strong></span> <span class='ocrx_word' id='word_1_110' title='bbox 404 2442 438 2496; x_wconf 91' lang='lat' dir='ltr'><strong>et</strong></span> <span class='ocrx_word' id='word_1_111' title='bbox 446 2434 647 2497; x_wconf 89' lang='lat' dir='ltr'><strong>historiarum</strong></span> <span class='ocrx_word' id='word_1_112' title='bbox 659 2435 842 2497; x_wconf 89' lang='lat' dir='ltr'><strong>testimonio</strong></span> <span class='ocrx_word' id='word_1_113' title='bbox 858 2437 1042 2515; x_wconf 78' lang='lat' dir='ltr'><strong>convinces,</strong></span> <span class='ocrx_word' id='word_1_114' title='bbox 1057 2458 1156 2517; x_wconf 90' lang='lat' dir='ltr'><strong>regna</strong></span> <span class='ocrx_word' id='word_1_115' title='bbox 1171 2458 1280 2500; x_wconf 90' lang='lat' dir='ltr'><strong>eorum</strong></span> 
     </span>
     <span class='ocr_line' id='line_1_18' title="bbox 328 2536 1279 2618; baseline 0.006 -21"><span class='ocrx_word' id='word_1_116' title='bbox 328 2536 467 2618; x_wconf 88' lang='lat' dir='ltr'><strong>impulsu</strong></span> <span class='ocrx_word' id='word_1_117' title='bbox 485 2537 621 2598; x_wconf 72' lang='lat' dir='ltr'><strong>luxuriae</strong></span> <span class='ocrx_word' id='word_1_118' title='bbox 636 2545 713 2600; x_wconf 85' lang='lat' dir='ltr'><strong>&#39;esse</strong></span> <span class='ocrx_word' id='word_1_119' title='bbox 736 2538 899 2600; x_wconf 78' lang='lat' dir='ltr'><strong>subversa.</strong></span> <span class='ocrx_word' id='word_1_120' title='bbox 945 2541 1033 2602; x_wconf 90' lang='lat' dir='ltr'><strong>Inter</strong></span> <span class='ocrx_word' id='word_1_121' title='bbox 1053 2539 1279 2612; x_wconf 72' lang='lat' dir='ltr'><strong>caeteraresert</strong></span> 
     </span>
     <span class='ocr_line' id='line_1_19' title="bbox 327 2636 1280 2721; baseline 0.002 -21"><span class='ocrx_word' id='word_1_122' title='bbox 327 2638 461 2719; x_wconf 80' lang='lat' dir='ltr'><strong>Trogus,</strong></span> <span class='ocrx_word' id='word_1_123' title='bbox 491 2636 580 2720; x_wconf 90' lang='lat' dir='ltr'><strong>qnod</strong></span> <span class='ocrx_word' id='word_1_124' title='bbox 608 2650 788 2721; x_wconf 86' lang='lat' dir='ltr'><strong>postremus</strong></span> <span class='ocrx_word' id='word_1_125' title='bbox 817 2661 877 2702; x_wconf 84' lang='lat' dir='ltr'><strong>rex</strong></span> <span class='ocrx_word' id='word_1_126' title='bbox 906 2641 1106 2721; x_wconf 84' lang='lat' dir='ltr'><strong>Assyriorum</strong></span> <span class='ocrx_word' id='word_1_127' title='bbox 1134 2641 1280 2721; x_wconf 82' lang='lat' dir='ltr'><strong>regnavit</strong></span> 
     </span>
     <span class='ocr_line' id='line_1_20' title="bbox 328 2739 1277 2824; baseline 0 -20"><span class='ocrx_word' id='word_1_128' title='bbox 328 2740 573 2823; x_wconf 83' lang='lat' dir='ltr'><strong>Sardanapalns,</strong></span> <span class='ocrx_word' id='word_1_129' title='bbox 609 2739 656 2800; x_wconf 89' lang='lat' dir='ltr'><strong>vir</strong></span> <span class='ocrx_word' id='word_1_130' title='bbox 690 2740 822 2803; x_wconf 92' lang='lat' dir='ltr'><strong>muliere</strong></span> <span class='ocrx_word' id='word_1_131' title='bbox 858 2740 1045 2824; x_wconf 90' lang='lat' dir='ltr'><strong>corruptior.</strong></span> <span class='ocrx_word' id='word_1_132' title='bbox 1102 2740 1154 2802; x_wconf 87' lang='lat' dir='ltr'><strong>Ad</strong></span> <span class='ocrx_word' id='word_1_133' title='bbox 1191 2740 1277 2804; x_wconf 93' lang='lat' dir='ltr'><strong>hunc</strong></span> 
     </span>
     <span class='ocr_line' id='line_1_21' title="bbox 328 2841 1276 2925; baseline 0.001 -20"><span class='ocrx_word' id='word_1_134' title='bbox 328 2842 507 2915; x_wconf 76' lang='lat' dir='ltr'><strong>vivendum,</strong></span> <span class='ocrx_word' id='word_1_135' title='bbox 522 2841 613 2925; x_wconf 94' lang='lat' dir='ltr'><strong>qnod</strong></span> <span class='ocrx_word' id='word_1_136' title='bbox 635 2843 756 2904; x_wconf 88' lang='lat' dir='ltr'><strong>nemini</strong></span> <span class='ocrx_word' id='word_1_137' title='bbox 773 2853 846 2904; x_wconf 90' lang='lat' dir='ltr'><strong>ante</strong></span> <span class='ocrx_word' id='word_1_138' title='bbox 870 2863 943 2904; x_wconf 91' lang='lat' dir='ltr'><strong>enm</strong></span> <span class='ocrx_word' id='word_1_139' title='bbox 958 2842 1149 2924; x_wconf 90' lang='lat' dir='ltr'><strong>permissum</strong></span> <span class='ocrx_word' id='word_1_140' title='bbox 1164 2842 1276 2919; x_wconf 88' lang='lat' dir='ltr'><strong>suerat,</strong></span> 
     </span>
     <span class='ocr_line' id='line_1_22' title="bbox 327 2943 1277 3028; baseline -0.002 -20"><span class='ocrx_word' id='word_1_141' title='bbox 327 2945 593 3028; x_wconf 65' lang='lat' dir='ltr'><strong>praesentianum</strong></span> <span class='ocrx_word' id='word_1_142' title='bbox 616 2943 742 3006; x_wconf 87' lang='lat' dir='ltr'><strong>admitti</strong></span> <span class='ocrx_word' id='word_1_143' title='bbox 765 2965 881 3026; x_wconf 91' lang='lat' dir='ltr'><strong>magna</strong></span> <span class='ocrx_word' id='word_1_144' title='bbox 903 2943 1076 3006; x_wconf 84' lang='lat' dir='ltr'><strong>ambitione</strong></span> <span class='ocrx_word' id='word_1_145' title='bbox 1097 2966 1179 3026; x_wconf 85' lang='lat' dir='ltr'><strong>aegre</strong></span> <span class='ocrx_word' id='word_1_146' title='bbox 1195 2943 1277 3007; x_wconf 90' lang='lat' dir='ltr'><strong>obti-</strong></span> 
     </span>
     <span class='ocr_line' id='line_1_23' title="bbox 327 3044 1276 3127; baseline 0.001 -20"><span class='ocrx_word' id='word_1_147' title='bbox 327 3045 460 3122; x_wconf 85' lang='lat' dir='ltr'><strong>nuisset,</strong></span> <span class='ocrx_word' id='word_1_148' title='bbox 473 3044 597 3106; x_wconf 87' lang='lat' dir='ltr'><strong>invenit</strong></span> <span class='ocrx_word' id='word_1_149' title='bbox 608 3065 682 3106; x_wconf 91' lang='lat' dir='ltr'><strong>enm</strong></span> <span class='ocrx_word' id='word_1_150' title='bbox 696 3044 779 3106; x_wconf 90' lang='lat' dir='ltr'><strong>inter</strong></span> <span class='ocrx_word' id='word_1_151' title='bbox 794 3056 971 3106; x_wconf 89' lang='lat' dir='ltr'><strong>scortorum</strong></span> <span class='ocrx_word' id='word_1_152' title='bbox 980 3063 1094 3124; x_wconf 84' lang='lat' dir='ltr'><strong>greges</strong></span> <span class='ocrx_word' id='word_1_153' title='bbox 1104 3065 1276 3127; x_wconf 84' lang='lat' dir='ltr'><strong>purpuram</strong></span> 
     </span>
     <span class='ocr_line' id='line_1_24' title="bbox 327 3145 1278 3227; baseline -0.003 -17"><span class='ocrx_word' id='word_1_154' title='bbox 327 3148 398 3210; x_wconf 93' lang='lat' dir='ltr'><strong>colo</strong></span> <span class='ocrx_word' id='word_1_155' title='bbox 407 3158 536 3209; x_wconf 91' lang='lat' dir='ltr'><strong>nentem</strong></span> <span class='ocrx_word' id='word_1_156' title='bbox 545 3145 691 3208; x_wconf 90' lang='lat' dir='ltr'><strong>muliebri</strong></span> <span class='ocrx_word' id='word_1_157' title='bbox 703 3146 827 3224; x_wconf 88' lang='lat' dir='ltr'><strong>habitu,</strong></span> <span class='ocrx_word' id='word_1_158' title='bbox 836 3166 936 3227; x_wconf 91' lang='lat' dir='ltr'><strong>quum</strong></span> <span class='ocrx_word' id='word_1_159' title='bbox 947 3145 1080 3207; x_wconf 89' lang='lat' dir='ltr'><strong>mollitie</strong></span> <span class='ocrx_word' id='word_1_160' title='bbox 1093 3145 1234 3226; x_wconf 89' lang='lat' dir='ltr'><strong>corporis</strong></span> <span class='ocrx_word' id='word_1_161' title='bbox 1246 3155 1278 3207; x_wconf 90' lang='lat' dir='ltr'><strong>et</strong></span> 
     </span>
     <span class='ocr_line' id='line_1_25' title="bbox 326 3245 1277 3329; baseline -0.004 -17"><span class='ocrx_word' id='word_1_162' title='bbox 326 3250 488 3312; x_wconf 87' lang='lat' dir='ltr'><strong>oculorum</strong></span> <span class='ocrx_word' id='word_1_163' title='bbox 503 3248 634 3312; x_wconf 83' lang='lat' dir='ltr'><strong>lascivia</strong></span> <span class='ocrx_word' id='word_1_164' title='bbox 649 3268 760 3310; x_wconf 89' lang='lat' dir='ltr'><strong>omnes</strong></span> <span class='ocrx_word' id='word_1_165' title='bbox 775 3246 908 3310; x_wconf 90' lang='lat' dir='ltr'><strong>feminas</strong></span> <span class='ocrx_word' id='word_1_166' title='bbox 924 3245 1067 3323; x_wconf 90' lang='lat' dir='ltr'><strong>anteiret,</strong></span> <span class='ocrx_word' id='word_1_167' title='bbox 1078 3266 1180 3329; x_wconf 82' lang='lat' dir='ltr'><strong>pensa</strong></span> <span class='ocrx_word' id='word_1_168' title='bbox 1195 3245 1277 3309; x_wconf 90' lang='lat' dir='ltr'><strong>inter</strong></span> 
     </span>
     <span class='ocr_line' id='line_1_26' title="bbox 326 3347 1276 3433; baseline 0.001 -24"><span class='ocrx_word' id='word_1_169' title='bbox 326 3351 463 3433; x_wconf 82' lang='lat' dir='ltr'><strong>virgines</strong></span> <span class='ocrx_word' id='word_1_170' title='bbox 491 3351 692 3433; x_wconf 85' lang='lat' dir='ltr'><strong>partientem.</strong></span> <span class='ocrx_word' id='word_1_171' title='bbox 745 3349 871 3422; x_wconf 86' lang='lat' dir='ltr'><strong>Quibus</strong></span> <span class='ocrx_word' id='word_1_172' title='bbox 896 3348 984 3425; x_wconf 87' lang='lat' dir='ltr'><strong>visis,</strong></span> <span class='ocrx_word' id='word_1_173' title='bbox 1009 3348 1195 3430; x_wconf 87' lang='lat' dir='ltr'><strong>indignatus</strong></span> <span class='ocrx_word' id='word_1_174' title='bbox 1219 3347 1276 3412; x_wconf 89' lang='lat' dir='ltr'><strong>tali</strong></span> 
     </span>
     <span class='ocr_line' id='line_1_27' title="bbox 325 3449 1275 3534; baseline 0.001 -22"><span class='ocrx_word' id='word_1_175' title='bbox 325 3449 451 3514; x_wconf 81' lang='lat' dir='ltr'><strong>leminae</strong></span> <span class='ocrx_word' id='word_1_176' title='bbox 466 3460 591 3515; x_wconf 90' lang='lat' dir='ltr'><strong>tantum</strong></span> <span class='ocrx_word' id='word_1_177' title='bbox 612 3450 752 3513; x_wconf 89' lang='lat' dir='ltr'><strong>virorum</strong></span> <span class='ocrx_word' id='word_1_178' title='bbox 773 3450 811 3512; x_wconf 90' lang='lat' dir='ltr'><strong>iri</strong></span> <span class='ocrx_word' id='word_1_179' title='bbox 833 3450 1024 3534; x_wconf 86' lang='lat' dir='ltr'><strong>subjectum,</strong></span> <span class='ocrx_word' id='word_1_180' title='bbox 1039 3459 1275 3533; x_wconf 88' lang='lat' dir='ltr'><strong>tractantesque</strong></span> 
     </span>
     <span class='ocr_line' id='line_1_28' title="bbox 327 3549 1276 3634; baseline 0.001 -21"><span class='ocrx_word' id='word_1_181' title='bbox 327 3551 439 3614; x_wconf 74' lang='lat' dir='ltr'><strong>lenum</strong></span> <span class='ocrx_word' id='word_1_182' title='bbox 455 3562 488 3614; x_wconf 89' lang='lat' dir='ltr'><strong>et</strong></span> <span class='ocrx_word' id='word_1_183' title='bbox 501 3571 588 3614; x_wconf 90' lang='lat' dir='ltr'><strong>arma</strong></span> <span class='ocrx_word' id='word_1_184' title='bbox 599 3550 755 3613; x_wconf 87' lang='lat' dir='ltr'><strong>habentes</strong></span> <span class='ocrx_word' id='word_1_185' title='bbox 766 3571 888 3634; x_wconf 88' lang='lat' dir='ltr'><strong>parere,</strong></span> <span class='ocrx_word' id='word_1_186' title='bbox 901 3571 1088 3634; x_wconf 87' lang='lat' dir='ltr'><strong>progressus</strong></span> <span class='ocrx_word' id='word_1_187' title='bbox 1103 3549 1144 3613; x_wconf 89' lang='lat' dir='ltr'><strong>ad</strong></span> <span class='ocrx_word' id='word_1_188' title='bbox 1159 3551 1276 3629; x_wconf 88' lang='lat' dir='ltr'><strong>socios,</strong></span> 
     </span>
     <span class='ocr_line' id='line_1_29' title="bbox 326 3652 1274 3736; baseline -0.001 -20"><span class='ocrx_word' id='word_1_189' title='bbox 326 3652 404 3736; x_wconf 91' lang='lat' dir='ltr'><strong>qnid</strong></span> <span class='ocrx_word' id='word_1_190' title='bbox 418 3652 532 3716; x_wconf 76' lang='lat' dir='ltr'><strong>viderit</strong></span> <span class='ocrx_word' id='word_1_191' title='bbox 545 3653 650 3715; x_wconf 79' lang='lat' dir='ltr'><strong>refert.</strong></span> <span class='ocrx_word' id='word_1_192' title='bbox 695 3652 803 3733; x_wconf 88' lang='lat' dir='ltr'><strong>Negat</strong></span> <span class='ocrx_word' id='word_1_193' title='bbox 818 3673 851 3715; x_wconf 91' lang='lat' dir='ltr'><strong>se</strong></span> <span class='ocrx_word' id='word_1_194' title='bbox 867 3652 897 3715; x_wconf 92' lang='lat' dir='ltr'><strong>ei</strong></span> <span class='ocrx_word' id='word_1_195' title='bbox 912 3672 1023 3735; x_wconf 88' lang='lat' dir='ltr'><strong>parere</strong></span> <span class='ocrx_word' id='word_1_196' title='bbox 1045 3673 1151 3735; x_wconf 88' lang='lat' dir='ltr'><strong>posse,</strong></span> <span class='ocrx_word' id='word_1_197' title='bbox 1168 3653 1224 3736; x_wconf 91' lang='lat' dir='ltr'><strong>qni</strong></span> <span class='ocrx_word' id='word_1_198' title='bbox 1239 3673 1274 3715; x_wconf 90' lang='lat' dir='ltr'><strong>se</strong></span> 
     </span>
     <span class='ocr_line' id='line_1_30' title="bbox 325 3750 1273 3833; baseline -0.001 -18"><span class='ocrx_word' id='word_1_199' title='bbox 325 3753 476 3816; x_wconf 80' lang='lat' dir='ltr'><strong>feminam</strong></span> <span class='ocrx_word' id='word_1_200' title='bbox 497 3751 607 3814; x_wconf 88' lang='lat' dir='ltr'><strong>mallet</strong></span> <span class='ocrx_word' id='word_1_201' title='bbox 632 3763 726 3826; x_wconf 90' lang='lat' dir='ltr'><strong>esset,</strong></span> <span class='ocrx_word' id='word_1_202' title='bbox 749 3771 846 3833; x_wconf 89' lang='lat' dir='ltr'><strong>qnam</strong></span> <span class='ocrx_word' id='word_1_203' title='bbox 869 3750 979 3813; x_wconf 86' lang='lat' dir='ltr'><strong>virum.</strong></span> <span class='ocrx_word' id='word_1_204' title='bbox 1024 3750 1076 3814; x_wconf 90' lang='lat' dir='ltr'><strong>Fit</strong></span> <span class='ocrx_word' id='word_1_205' title='bbox 1098 3772 1174 3832; x_wconf 90' lang='lat' dir='ltr'><strong>ergo</strong></span> <span class='ocrx_word' id='word_1_206' title='bbox 1197 3772 1273 3814; x_wconf 89' lang='lat' dir='ltr'><strong>con·</strong></span> 
     </span>
     <span class='ocr_line' id='line_1_31' title="bbox 319 3849 1273 3935; baseline -0.001 -20"><span class='ocrx_word' id='word_1_207' title='bbox 319 3851 449 3935; x_wconf 85' lang='lat' dir='ltr'><strong>juratio.</strong></span> <span class='ocrx_word' id='word_1_208' title='bbox 494 3851 568 3924; x_wconf 91' lang='lat' dir='ltr'><strong>Qua</strong></span> <span class='ocrx_word' id='word_1_209' title='bbox 582 3851 636 3913; x_wconf 92' lang='lat' dir='ltr'><strong>ille</strong></span> <span class='ocrx_word' id='word_1_210' title='bbox 652 3849 773 3926; x_wconf 87' lang='lat' dir='ltr'><strong>audita,</strong></span> <span class='ocrx_word' id='word_1_211' title='bbox 788 3850 821 3911; x_wconf 95' lang='lat' dir='ltr'><strong>in</strong></span> <span class='ocrx_word' id='word_1_212' title='bbox 837 3850 943 3912; x_wconf 90' lang='lat' dir='ltr'><strong>aulam</strong></span> <span class='ocrx_word' id='word_1_213' title='bbox 959 3850 1078 3930; x_wconf 88' lang='lat' dir='ltr'><strong>regiam</strong></span> <span class='ocrx_word' id='word_1_214' title='bbox 1094 3871 1128 3912; x_wconf 87' lang='lat' dir='ltr'><strong>se</strong></span> <span class='ocrx_word' id='word_1_215' title='bbox 1143 3852 1273 3934; x_wconf 89' lang='lat' dir='ltr'><strong>recepit.</strong></span> 
     </span>
     <span class='ocr_line' id='line_1_32' title="bbox 324 3949 1274 4033; baseline 0 -19"><span class='ocrx_word' id='word_1_216' title='bbox 324 3951 390 4014; x_wconf 92' lang='lat' dir='ltr'><strong>Ubi</strong></span> <span class='ocrx_word' id='word_1_217' title='bbox 405 3961 551 4013; x_wconf 83' lang='lat' dir='ltr'><strong>extructa</strong></span> <span class='ocrx_word' id='word_1_218' title='bbox 565 3950 759 4033; x_wconf 87' lang='lat' dir='ltr'><strong>incensaque</strong></span> <span class='ocrx_word' id='word_1_219' title='bbox 774 3969 863 4032; x_wconf 87' lang='lat' dir='ltr'><strong>pyra,</strong></span> <span class='ocrx_word' id='word_1_220' title='bbox 876 3958 909 4012; x_wconf 91' lang='lat' dir='ltr'><strong>et</strong></span> <span class='ocrx_word' id='word_1_221' title='bbox 922 3970 956 4011; x_wconf 89' lang='lat' dir='ltr'><strong>se</strong></span> <span class='ocrx_word' id='word_1_222' title='bbox 971 3961 1003 4012; x_wconf 89' lang='lat' dir='ltr'><strong>et</strong></span> <span class='ocrx_word' id='word_1_223' title='bbox 1014 3949 1142 4013; x_wconf 86' lang='lat' dir='ltr'><strong>divitias</strong></span> <span class='ocrx_word' id='word_1_224' title='bbox 1152 3972 1227 4014; x_wconf 90' lang='lat' dir='ltr'><strong>suas</strong></span> <span class='ocrx_word' id='word_1_225' title='bbox 1242 3951 1274 4014; x_wconf 94' lang='lat' dir='ltr'><strong>in</strong></span> 
     </span>
     <span class='ocr_line' id='line_1_33' title="bbox 323 4048 1274 4134; baseline 0 -21"><span class='ocrx_word' id='word_1_226' title='bbox 323 4049 508 4114; x_wconf 86' lang='lat' dir='ltr'><strong>incendium</strong></span> <span class='ocrx_word' id='word_1_227' title='bbox 523 4049 635 4112; x_wconf 90' lang='lat' dir='ltr'><strong>mittit:</strong></span> <span class='ocrx_word' id='word_1_228' title='bbox 660 4048 721 4112; x_wconf 90' lang='lat' dir='ltr'><strong>boc</strong></span> <span class='ocrx_word' id='word_1_229' title='bbox 736 4050 804 4111; x_wconf 91' lang='lat' dir='ltr'><strong>solo</strong></span> <span class='ocrx_word' id='word_1_230' title='bbox 822 4050 963 4112; x_wconf 92' lang='lat' dir='ltr'><strong>imitatus</strong></span> <span class='ocrx_word' id='word_1_231' title='bbox 979 4050 1088 4113; x_wconf 87' lang='lat' dir='ltr'><strong>virum.</strong></span> <span class='ocrx_word' id='word_1_232' title='bbox 1133 4052 1179 4113; x_wconf 85' lang='lat' dir='ltr'><strong>Et</strong></span> <span class='ocrx_word' id='word_1_233' title='bbox 1193 4072 1274 4134; x_wconf 89' lang='lat' dir='ltr'><strong>prae·</strong></span> 
     </span>
     <span class='ocr_line' id='line_1_34' title="bbox 322 4150 1273 4236; baseline -0.005 -20"><span class='ocrx_word' id='word_1_234' title='bbox 322 4152 506 4216; x_wconf 90' lang='lat' dir='ltr'><strong>cedentium</strong></span> <span class='ocrx_word' id='word_1_235' title='bbox 522 4150 652 4236; x_wconf 90' lang='lat' dir='ltr'><strong>quidem</strong></span> <span class='ocrx_word' id='word_1_236' title='bbox 667 4172 775 4232; x_wconf 89' lang='lat' dir='ltr'><strong>regum</strong></span> <span class='ocrx_word' id='word_1_237' title='bbox 799 4153 895 4214; x_wconf 86' lang='lat' dir='ltr'><strong>robur</strong></span> <span class='ocrx_word' id='word_1_238' title='bbox 915 4174 935 4214; x_wconf 91' lang='lat' dir='ltr'><strong>a</strong></span> <span class='ocrx_word' id='word_1_239' title='bbox 958 4152 1083 4215; x_wconf 85' lang='lat' dir='ltr'><strong>luxuria</strong></span> <span class='ocrx_word' id='word_1_240' title='bbox 1098 4152 1273 4215; x_wconf 91' lang='lat' dir='ltr'><strong>emollitum</strong></span> 
     </span>
     <span class='ocr_line' id='line_1_35' title="bbox 322 4253 1318 4336; baseline -0.004 -19"><span class='ocrx_word' id='word_1_241' title='bbox 322 4263 381 4332; x_wconf 88' lang='lat' dir='ltr'><strong>est,</strong></span> <span class='ocrx_word' id='word_1_242' title='bbox 391 4253 509 4318; x_wconf 89' lang='lat' dir='ltr'><strong>deinde</strong></span> <span class='ocrx_word' id='word_1_243' title='bbox 525 4275 582 4336; x_wconf 91' lang='lat' dir='ltr'><strong>per</strong></span> <span class='ocrx_word' id='word_1_244' title='bbox 597 4253 738 4333; x_wconf 90' lang='lat' dir='ltr'><strong>singulos</strong></span> <span class='ocrx_word' id='word_1_245' title='bbox 750 4253 842 4334; x_wconf 87' lang='lat' dir='ltr'><strong>quasi</strong></span> <span class='ocrx_word' id='word_1_246' title='bbox 858 4274 915 4335; x_wconf 87' lang='lat' dir='ltr'><strong>per</strong></span> <span class='ocrx_word' id='word_1_247' title='bbox 929 4253 1045 4334; x_wconf 84' lang='lat' dir='ltr'><strong>gradus</strong></span> <span class='ocrx_word' id='word_1_248' title='bbox 1060 4253 1275 4315; x_wconf 84' lang='lat' dir='ltr'><strong>invalescente</strong></span> <span class='ocrx_word' id='word_1_249' title='bbox 1314 4318 1318 4325; x_wconf 56' lang='grc'><em>,</em></span> 
     </span>
     <span class='ocr_line' id='line_1_36' title="bbox 324 4353 1285 4432; baseline -0.004 -14"><span class='ocrx_word' id='word_1_250' title='bbox 324 4356 470 4432; x_wconf 89' lang='lat' dir='ltr'><strong>mollitia,</strong></span> <span class='ocrx_word' id='word_1_251' title='bbox 495 4356 528 4416; x_wconf 93' lang='lat' dir='ltr'><strong>in</strong></span> <span class='ocrx_word' id='word_1_252' title='bbox 559 4355 622 4416; x_wconf 90' lang='lat' dir='ltr'><strong>boc</strong></span> <span class='ocrx_word' id='word_1_253' title='bbox 653 4353 783 4417; x_wconf 88' lang='lat' dir='ltr'><strong>tandem</strong></span> <span class='ocrx_word' id='word_1_254' title='bbox 813 4355 1052 4430; x_wconf 83' lang='lat' dir='ltr'><strong>elfoeminatum,</strong></span> <span class='ocrx_word' id='word_1_255' title='bbox 1075 4353 1220 4428; x_wconf 82' lang='lat' dir='ltr'><strong>fractum,</strong></span> <span class='ocrx_word' id='word_1_256' title='bbox 1244 4362 1285 4432; x_wconf 11' lang='lat' dir='ltr'><strong>et*</strong></span> 
     </span>
    </p>
   </div>
   <div class='ocr_carea' id='block_1_3' title="bbox 0 0 1780 5467">
    <p class='ocr_par' dir='ltr' id='par_1_3' title="bbox 0 0 1780 5467">
     <span class='ocr_line' id='line_1_37' title="bbox 0 0 1780 5467; baseline 0 4"><span class='ocrx_word' id='word_1_257' title='bbox 0 0 1780 5467; x_wconf 95' lang='lat' dir='ltr'><strong> </strong></span> 
     </span>
    </p>
   </div>
  </div>
 </body>
</html>
