3550 5467
441 689 504 747 304
672 696 807 744 roausrs
822 695 1102 745 saussarmsnsrs
1226 680 1308 759 [sm.
1323 701 1387 745 vm.

440 853 560 916 esurire
575 872 636 913 non
652 847 775 913 debuit.
820 847 912 912 Odiis
927 852 1040 913 merita
1058 849 1230 935 Septimuli
1245 850 1384 915 avaritia:

440 951 602 1018 Ptolemaei
629 962 734 1015 autem
759 950 843 1036 regis
865 952 1047 1036 Cyprorum
1071 951 1138 1016 risu
1162 953 1385 1039 prosequenda.

439 1060 521 1122 Nam
538 1077 639 1141 quum
663 1052 764 1117 anxiis
780 1053 929 1117 sordibus
949 1076 1081 1138 magnas
1096 1078 1174 1141 opes
1189 1056 1385 1142 corrupisset,

437 1171 632 1245 propterque
656 1177 708 1219 cas
733 1156 912 1240 periturum
938 1177 970 1217 se
994 1154 1128 1236 videret,
1151 1168 1184 1218 et
1209 1156 1282 1221 ideo
1306 1158 1383 1221 omui

435 1259 570 1345 pecunia
596 1256 747 1344 imposita
770 1256 906 1321 navibus
931 1256 962 1318 in
987 1255 1085 1321 altum
1113 1258 1327 1343 processisset,
1351 1273 1382 1323 ut

433 1360 531 1425 classe
550 1360 721 1447 perforata,
736 1382 794 1423 suo
813 1357 945 1424 arbitrio
965 1358 1118 1443 perirent,
1132 1372 1164 1422 et
1182 1359 1293 1425 hostes
1311 1383 1383 1446 prae·

433 1462 476 1526 da
497 1472 650 1539 carerent,
670 1484 732 1524 non
756 1460 906 1526 sustinuit
929 1482 1070 1546 mergere
1091 1483 1208 1525 aurum
1229 1475 1260 1527 et
1281 1486 1382 1549 argen-

434 1576 515 1639 tum,
539 1565 594 1630 sed
616 1563 761 1629 futurum
784 1562 868 1625 necis
891 1584 956 1626 suae
979 1561 1160 1648 praemium,
1182 1565 1313 1629 domum
1339 1589 1381 1630 re-

432 1665 529 1732 vexit.
575 1664 791 1730 Proculdubio
809 1664 861 1727 hic
881 1686 943 1726 non
966 1662 1107 1749 possedit
1125 1663 1266 1742 divitias,
1289 1667 1343 1731 sed
1366 1691 1383 1730 a

432 1766 552 1832 divitiis
574 1789 736 1852 possessus
759 1779 821 1832 est:
854 1765 950 1831 titulo
976 1789 1033 1829 rex
1055 1766 1183 1844 insutae,
1207 1769 1313 1833 animo
1335 1792 1384 1855 pe.

431 1869 534 1933 cuniae
560 1870 737 1934 miserabile
764 1868 967 1953 mancipium.
1013 1870 1094 1932 Haec
1122 1868 1277 1934 Valerius.
1324 1871 1379 1935 Sed

429 1987 562 2056 possunt
593 1973 687 2037 etiam
718 1970 871 2057 nequiora
896 1968 1036 2033 avaritiae
1067 1969 1202 2035 inveniri
1230 1973 1380 2057 exempla.

429 2071 595 2156 Siquidem
620 2074 793 2158 Prophetae
820 2072 930 2136 oculos
958 2071 1116 2156 cupiditas
1142 2076 1324 2151 excaecavia
1348 2088 1377 2137 et

428 2172 564 2257 pecunia
582 2186 755 2257 corruptus
779 2172 963 2258 Apostolus,
988 2172 1162 2237 Dominum
1184 2174 1377 2239 innocentem

427 2271 676 2356 crucifigendum
706 2271 838 2337 tradidit
868 2275 1016 2338 manibus
1045 2275 1227 2360 impiorum.
1274 2280 1377 2342 Potest

427 2375 557 2461 quidem
581 2374 746 2460 deturpari
769 2374 886 2450 verbis,
906 2377 961 2440 sed
984 2391 1046 2439 non
1069 2376 1156 2452 satis,
1177 2378 1255 2462 quia
1275 2379 1378 2444 defor-

427 2477 507 2540 mior
519 2491 609 2543 estet
622 2477 757 2564 turpior,
772 2500 867 2563 quam
882 2490 918 2541 ut
930 2501 981 2542 ore
992 2477 1129 2542 humano
1141 2480 1243 2565 possit
1254 2481 1375 2566 exponi.

428 2577 571 2665 Ideoque
586 2591 691 2642 autem
705 2592 752 2642 est
764 2578 897 2642 avaritia
908 2575 1080 2642 studiosius
1091 2577 1291 2655 declinanda,
1305 2582 1376 2666 quia

425 2680 566 2745 tenacius
581 2680 713 2744 inhaeret
732 2681 773 2744 ab
788 2680 927 2766 imagine
947 2679 1104 2756 utilitatis,
1121 2695 1152 2745 et
1174 2683 1377 2767 perniciosius

423 2795 515 2847 nocet
539 2783 580 2845 ab
603 2781 792 2847 exterminio
817 2782 968 2846 caritatis.
1014 2781 1096 2844 Inde
1119 2783 1281 2869 estquod
1304 2784 1376 2848 ridi-

422 2883 525 2946 culam
543 2897 574 2948 et
590 2883 798 2947 miserandam
815 2906 886 2948 curn
904 2883 1032 2947 senibus
1043 2886 1204 2949 contraxit
1220 2883 1376 2950 familiari-

422 2997 531 3066 tatem,
548 2998 584 3050 ut
604 3009 670 3072 quo
692 2989 796 3050 minus
815 2997 922 3069 egent,
940 2984 1068 3049 avidius
1088 2987 1325 3072 concupiscant,
1344 3002 1374 3053 et

420 3109 486 3172 quo
501 3089 597 3153 rebus
617 3101 692 3152 sunt
707 3089 800 3152 citius
817 3086 959 3162 carituri,
975 3109 1028 3150 eas
1049 3087 1177 3172 parcius
1197 3091 1373 3154 ministrent

420 3189 562 3255 utilitati.
608 3190 689 3253 Nam
715 3202 747 3253 et
772 3210 884 3252 manus
912 3188 1138 3273 injuventute
1165 3203 1311 3274 porrecta
1334 3191 1372 3254 ad

418 3290 572 3373 dandum,
583 3292 615 3355 in
632 3305 795 3357 senectute
805 3289 1015 3369 contrahitur,
1025 3303 1058 3354 et
1070 3313 1143 3376 quae
1155 3295 1187 3355 in
1199 3293 1372 3378 juventute

418 3408 581 3459 contracta
596 3408 656 3470 cst,
673 3409 729 3458 aut
745 3415 923 3479 nunquam,
938 3406 995 3457 aut
1018 3415 1089 3456 raro
1103 3393 1135 3456 in
1153 3395 1284 3459 senibus
1298 3395 1373 3460 dila-

417 3506 512 3558 tatur.
541 3500 649 3570 Quum
668 3519 742 3560 vero
753 3499 799 3560 eis
814 3496 968 3560 beneficio
983 3508 1107 3560 natura
1122 3494 1256 3560 libertas
1272 3497 1371 3561 vicina

415 3593 587 3671 immineat,
606 3601 725 3683 seipsos
746 3621 828 3662 vano
851 3599 964 3662 timore
986 3598 1173 3662 miserrimae
1196 3600 1367 3687 subjiciunt

414 3696 566 3760 servituti.
607 3698 770 3782 Siquidem
794 3700 954 3785 Diogenes
969 3699 1025 3774 ait,
1042 3699 1228 3786 Indigentia
1247 3715 1367 3766 nature

412 3798 572 3862 fortunam
598 3820 659 3861 uon
688 3799 787 3863 timet.
836 3803 956 3867 Beatus
983 3824 1111 3888 quoque
1140 3803 1367 3889 Hieronymus,

414 3898 564 3976 Grandis,
576 3899 693 3985 inquit,
703 3900 861 3966 exultatio
870 3917 917 3968 est
930 3904 1054 3980 anima,
1067 3927 1167 3991 quum
1182 3929 1283 3992 parvo
1297 3929 1366 3970 oon·

410 4015 518 4068 tentus
532 4001 640 4080 fueris,
655 4004 808 4067 mnndum
825 4005 941 4070 babere
956 4006 1016 4070 sub
1033 4006 1180 4091 pedibus,
1195 4022 1228 4073 et
1244 4031 1365 4074 omnem

408 4108 479 4191 ejus
493 4105 679 4192 potentiam.
696 4105 805 4190 epulas
825 4107 1019 4184 libidinosas,
1035 4121 1067 4173 et
1087 4132 1124 4173 ea
1140 4125 1274 4197 propter
1293 4134 1365 4197 quae

408 4204 530 4272 divitiae
545 4221 781 4295 comparantur,
794 4210 910 4274 vilibus
925 4225 1050 4275 rnutare
1065 4212 1157 4287 cibis,
1173 4228 1205 4278 et
1222 4213 1366 4297 grossiori

408 4309 519 4373 tunica
540 4334 751 4399 compensare.
792 4317 872 4378 Haec
889 4313 1019 4399 quidem
1040 4313 1217 4380 laudabilia
1238 4327 1326 4395 sunt,
1342 4315 1366 4378 si
