<?xml version="1.0" encoding="UTF-8"?>
<!DOCTYPE html PUBLIC "-//W3C//DTD XHTML 1.0 Transitional//EN"
    "http://www.w3.org/TR/xhtml1/DTD/xhtml1-transitional.dtd">
<html xmlns="http://www.w3.org/1999/xhtml" xml:lang="en" lang="en">
 <head>
  <title>
</title>
<meta http-equiv="Content-Type" content="text/html;charset=utf-8" />
  <meta name='ocr-system' content='tesseract 3.04.00' />
  <meta name='ocr-capabilities' content='ocr_page ocr_carea ocr_par ocr_line ocrx_word'/>
</head>
<body>
  <div class='ocr_page' id='page_1' title='image "./joannissaresber17johngoog_0331.png"; bbox 0 0 3550 5467; ppageno 0'>
   <div class='ocr_carea' id='block_1_1' title="bbox 404 738 1372 812">
    <p class='ocr_par' dir='ltr' id='par_1_1' title="bbox 404 738 1372 812">
     <span class='ocr_line' id='line_1_1' title="bbox 404 738 1372 812; baseline -0.002 -14"><span class='ocrx_word' id='word_1_1' title='bbox 404 742 480 799; x_wconf 68' lang='lat' dir='ltr'><strong>bar.</strong></span> <span class='ocrx_word' id='word_1_2' title='bbox 497 739 611 812; x_wconf 72' lang='lat' dir='ltr'><strong>xnus]</strong></span> <span class='ocrx_word' id='word_1_3' title='bbox 774 752 1027 799; x_wconf 75' lang='lat' dir='ltr'><strong>ronvcnarrcus.</strong></span> <span class='ocrx_word' id='word_1_4' title='bbox 1312 738 1372 797; x_wconf 69' lang='lat'><strong>321</strong></span> 
     </span>
    </p>
   </div>
   <div class='ocr_carea' id='block_1_2' title="bbox 412 900 1377 4516">
    <p class='ocr_par' dir='ltr' id='par_1_2' title="bbox 412 900 1377 4516">
     <span class='ocr_line' id='line_1_2' title="bbox 412 900 1370 988; baseline -0.003 -21"><span class='ocrx_word' id='word_1_5' title='bbox 412 917 576 968; x_wconf 86' lang='lat' dir='ltr'><strong>rarentur.</strong></span> <span class='ocrx_word' id='word_1_6' title='bbox 616 902 769 988; x_wconf 84' lang='lat' dir='ltr'><strong>Amplius</strong></span> <span class='ocrx_word' id='word_1_7' title='bbox 792 900 924 988; x_wconf 89' lang='lat' dir='ltr'><strong>quidem</strong></span> <span class='ocrx_word' id='word_1_8' title='bbox 946 900 1105 988; x_wconf 87' lang='lat' dir='ltr'><strong>adjiciam,</strong></span> <span class='ocrx_word' id='word_1_9' title='bbox 1124 901 1220 966; x_wconf 89' lang='lat' dir='ltr'><strong>etiam</strong></span> <span class='ocrx_word' id='word_1_10' title='bbox 1243 901 1370 986; x_wconf 84' lang='lat' dir='ltr'>tyranni</span> 
     </span>
     <span class='ocr_line' id='line_1_3' title="bbox 413 1002 1371 1089; baseline -0.002 -23"><span class='ocrx_word' id='word_1_11' title='bbox 413 1005 560 1089; x_wconf 79' lang='lat' dir='ltr'><strong>gentium</strong></span> <span class='ocrx_word' id='word_1_12' title='bbox 577 1004 738 1089; x_wconf 88' lang='lat' dir='ltr'><strong>reprobati</strong></span> <span class='ocrx_word' id='word_1_13' title='bbox 754 1003 795 1067; x_wconf 93' lang='lat' dir='ltr'><strong>ab</strong></span> <span class='ocrx_word' id='word_1_14' title='bbox 810 1018 929 1066; x_wconf 77' lang='lat' dir='ltr'><strong>artemo</strong></span> <span class='ocrx_word' id='word_1_15' title='bbox 944 1003 985 1066; x_wconf 84' lang='lat' dir='ltr'><strong>ad</strong></span> <span class='ocrx_word' id='word_1_16' title='bbox 1002 1021 1147 1078; x_wconf 89' lang='lat' dir='ltr'><strong>mortem,</strong></span> <span class='ocrx_word' id='word_1_17' title='bbox 1160 1002 1295 1066; x_wconf 90' lang='lat' dir='ltr'><strong>ministri</strong></span> <span class='ocrx_word' id='word_1_18' title='bbox 1309 1002 1371 1067; x_wconf 89' lang='lat' dir='ltr'><strong>Dei</strong></span> 
     </span>
     <span class='ocr_line' id='line_1_4' title="bbox 412 1104 1372 1190; baseline -0.002 -21"><span class='ocrx_word' id='word_1_19' title='bbox 412 1119 504 1182; x_wconf 85' lang='lat' dir='ltr'><strong>aunt,</strong></span> <span class='ocrx_word' id='word_1_20' title='bbox 519 1120 552 1169; x_wconf 87' lang='lat' dir='ltr'><strong>et</strong></span> <span class='ocrx_word' id='word_1_21' title='bbox 569 1105 691 1169; x_wconf 80' lang='lat' dir='ltr'>Christi</span> <span class='ocrx_word' id='word_1_22' title='bbox 707 1104 835 1168; x_wconf 79' lang='lat' dir='ltr'>Domini</span> <span class='ocrx_word' id='word_1_23' title='bbox 851 1104 1063 1190; x_wconf 72' lang='lat' dir='ltr'><strong>appellantur.</strong></span> <span class='ocrx_word' id='word_1_24' title='bbox 1087 1104 1184 1169; x_wconf 85' lang='lat' dir='ltr'><strong>Unde</strong></span> <span class='ocrx_word' id='word_1_25' title='bbox 1200 1104 1372 1190; x_wconf 62' lang='lat' dir='ltr'><strong>prophetat</strong></span> 
     </span>
     <span class='ocr_line' id='line_1_5' title="bbox 416 1205 1371 1292; baseline -0.001 -23"><span class='ocrx_word' id='word_1_26' title='bbox 416 1206 644 1292; x_wconf 78' lang='lat' dir='ltr'>ingredientur</span> <span class='ocrx_word' id='word_1_27' title='bbox 659 1208 767 1291; x_wconf 89' lang='lat' dir='ltr'><strong>portas</strong></span> <span class='ocrx_word' id='word_1_28' title='bbox 779 1205 955 1290; x_wconf 91' lang='lat' dir='ltr'><strong>Babylonis</strong></span> <span class='ocrx_word' id='word_1_29' title='bbox 969 1206 1078 1283; x_wconf 85' lang='lat' dir='ltr'><strong>duces,</strong></span> <span class='ocrx_word' id='word_1_30' title='bbox 1090 1205 1248 1286; x_wconf 87' lang='lat' dir='ltr'><strong>videlicet,</strong></span> <span class='ocrx_word' id='word_1_31' title='bbox 1263 1207 1371 1291; x_wconf 89' lang='lat' dir='ltr'><strong>Cyrus</strong></span> 
     </span>
     <span class='ocr_line' id='line_1_6' title="bbox 413 1307 1370 1391; baseline -0.001 -19"><span class='ocrx_word' id='word_1_32' title='bbox 413 1324 448 1372; x_wconf 92' lang='lat' dir='ltr'><strong>et</strong></span> <span class='ocrx_word' id='word_1_33' title='bbox 470 1308 597 1374; x_wconf 87' lang='lat' dir='ltr'><strong>Darius.</strong></span> <span class='ocrx_word' id='word_1_34' title='bbox 635 1311 709 1391; x_wconf 85' lang='lat' dir='ltr'><strong>Ego</strong></span> <span class='ocrx_word' id='word_1_35' title='bbox 731 1310 814 1371; x_wconf 90' lang='lat' dir='ltr'><strong>enim</strong></span> <span class='ocrx_word' id='word_1_36' title='bbox 836 1307 985 1370; x_wconf 82' lang='lat' dir='ltr'><strong>mandavi</strong></span> <span class='ocrx_word' id='word_1_37' title='bbox 1007 1307 1209 1372; x_wconf 86' lang='lat' dir='ltr'><strong>sanctificatis</strong></span> <span class='ocrx_word' id='word_1_38' title='bbox 1231 1308 1319 1382; x_wconf 90' lang='lat' dir='ltr'><strong>meis,</strong></span> <span class='ocrx_word' id='word_1_39' title='bbox 1337 1321 1370 1371; x_wconf 91' lang='lat' dir='ltr'><strong>et</strong></span> 
     </span>
     <span class='ocr_line' id='line_1_7' title="bbox 416 1409 1372 1494; baseline 0.001 -23"><span class='ocrx_word' id='word_1_40' title='bbox 416 1409 529 1472; x_wconf 86' lang='lat' dir='ltr'><strong>vocavi</strong></span> <span class='ocrx_word' id='word_1_41' title='bbox 544 1409 643 1472; x_wconf 84' lang='lat' dir='ltr'><strong>fortes</strong></span> <span class='ocrx_word' id='word_1_42' title='bbox 664 1429 752 1472; x_wconf 88' lang='lat' dir='ltr'><strong>meos</strong></span> <span class='ocrx_word' id='word_1_43' title='bbox 767 1412 799 1473; x_wconf 95' lang='lat' dir='ltr'><strong>in</strong></span> <span class='ocrx_word' id='word_1_44' title='bbox 821 1411 867 1472; x_wconf 88' lang='lat' dir='ltr'><strong>ira</strong></span> <span class='ocrx_word' id='word_1_45' title='bbox 882 1430 964 1484; x_wconf 86' lang='lat' dir='ltr'><strong>mea,</strong></span> <span class='ocrx_word' id='word_1_46' title='bbox 978 1421 1010 1471; x_wconf 89' lang='lat' dir='ltr'><strong>et</strong></span> <span class='ocrx_word' id='word_1_47' title='bbox 1027 1409 1207 1472; x_wconf 85' lang='lat' dir='ltr'><strong>exultantes</strong></span> <span class='ocrx_word' id='word_1_48' title='bbox 1222 1409 1254 1471; x_wconf 91' lang='lat' dir='ltr'><strong>in</strong></span> <span class='ocrx_word' id='word_1_49' title='bbox 1269 1409 1372 1494; x_wconf 87' lang='lat' dir='ltr'><strong>gloria</strong></span> 
     </span>
     <span class='ocr_line' id='line_1_8' title="bbox 415 1507 1371 1596; baseline -0.001 -23"><span class='ocrx_word' id='word_1_50' title='bbox 415 1532 498 1575; x_wconf 83' lang='lat' dir='ltr'><strong>mea.</strong></span> <span class='ocrx_word' id='word_1_51' title='bbox 536 1511 620 1573; x_wconf 88' lang='lat' dir='ltr'><strong>Ecce</strong></span> <span class='ocrx_word' id='word_1_52' title='bbox 635 1510 713 1596; x_wconf 92' lang='lat' dir='ltr'><strong>quia</strong></span> <span class='ocrx_word' id='word_1_53' title='bbox 733 1509 945 1573; x_wconf 83' lang='lat' dir='ltr'><strong>sanctificatos</strong></span> <span class='ocrx_word' id='word_1_54' title='bbox 960 1520 1052 1571; x_wconf 90' lang='lat' dir='ltr'><strong>vocat</strong></span> <span class='ocrx_word' id='word_1_55' title='bbox 1073 1507 1187 1573; x_wconf 89' lang='lat' dir='ltr'><strong>Medos</strong></span> <span class='ocrx_word' id='word_1_56' title='bbox 1201 1523 1233 1573; x_wconf 90' lang='lat' dir='ltr'><strong>et</strong></span> <span class='ocrx_word' id='word_1_57' title='bbox 1249 1513 1371 1586; x_wconf 90' lang='lat' dir='ltr'><strong>Persas,</strong></span> 
     </span>
     <span class='ocr_line' id='line_1_9' title="bbox 417 1609 1372 1697; baseline -0.001 -22"><span class='ocrx_word' id='word_1_58' title='bbox 417 1634 480 1675; x_wconf 92' lang='lat' dir='ltr'><strong>non</strong></span> <span class='ocrx_word' id='word_1_59' title='bbox 506 1610 592 1697; x_wconf 94' lang='lat' dir='ltr'><strong>quod</strong></span> <span class='ocrx_word' id='word_1_60' title='bbox 608 1615 708 1675; x_wconf 88' lang='lat' dir='ltr'><strong>sancti</strong></span> <span class='ocrx_word' id='word_1_61' title='bbox 731 1625 845 1686; x_wconf 89' lang='lat' dir='ltr'><strong>essent,</strong></span> <span class='ocrx_word' id='word_1_62' title='bbox 869 1609 924 1673; x_wconf 93' lang='lat' dir='ltr'><strong>sed</strong></span> <span class='ocrx_word' id='word_1_63' title='bbox 948 1609 1076 1675; x_wconf 87' lang='lat' dir='ltr'>Domini</span> <span class='ocrx_word' id='word_1_64' title='bbox 1096 1610 1249 1674; x_wconf 86' lang='lat' dir='ltr'><strong>adversus</strong></span> <span class='ocrx_word' id='word_1_65' title='bbox 1265 1611 1372 1697; x_wconf 86' lang='lat' dir='ltr'><strong>Baby·</strong></span> 
     </span>
     <span class='ocr_line' id='line_1_10' title="bbox 418 1710 1372 1798; baseline 0.001 -23"><span class='ocrx_word' id='word_1_66' title='bbox 418 1711 522 1777; x_wconf 91' lang='lat' dir='ltr'><strong>lonem</strong></span> <span class='ocrx_word' id='word_1_67' title='bbox 544 1710 721 1798; x_wconf 82' lang='lat' dir='ltr'><strong>implebant</strong></span> <span class='ocrx_word' id='word_1_68' title='bbox 744 1712 953 1775; x_wconf 87' lang='lat' dir='ltr'><strong>voluntatem.</strong></span> <span class='ocrx_word' id='word_1_69' title='bbox 1000 1710 1090 1774; x_wconf 90' lang='lat' dir='ltr'><strong>Alias</strong></span> <span class='ocrx_word' id='word_1_70' title='bbox 1112 1732 1259 1798; x_wconf 87' lang='lat' dir='ltr'><strong>quoque:</strong></span> <span class='ocrx_word' id='word_1_71' title='bbox 1287 1715 1372 1777; x_wconf 89' lang='lat' dir='ltr'><strong>Ecce</strong></span> 
     </span>
     <span class='ocr_line' id='line_1_11' title="bbox 417 1809 1372 1899; baseline -0.001 -22"><span class='ocrx_word' id='word_1_72' title='bbox 417 1837 479 1899; x_wconf 82' lang='lat' dir='ltr'><strong>ego</strong></span> <span class='ocrx_word' id='word_1_73' title='bbox 490 1812 659 1890; x_wconf 87' lang='lat' dir='ltr'><strong>adducam,</strong></span> <span class='ocrx_word' id='word_1_74' title='bbox 668 1813 787 1898; x_wconf 89' lang='lat' dir='ltr'><strong>inquit,</strong></span> <span class='ocrx_word' id='word_1_75' title='bbox 801 1809 1106 1890; x_wconf 84' lang='lat' dir='ltr'><strong>Nabuchodonosor,</strong></span> <span class='ocrx_word' id='word_1_76' title='bbox 1118 1834 1243 1878; x_wconf 89' lang='lat' dir='ltr'><strong>servum</strong></span> <span class='ocrx_word' id='word_1_77' title='bbox 1257 1835 1372 1891; x_wconf 88' lang='lat' dir='ltr'><strong>meum,</strong></span> 
     </span>
     <span class='ocr_line' id='line_1_12' title="bbox 417 1912 1371 2001; baseline 0 -23"><span class='ocrx_word' id='word_1_78' title='bbox 417 1929 451 1980; x_wconf 90' lang='lat' dir='ltr'><strong>et</strong></span> <span class='ocrx_word' id='word_1_79' title='bbox 482 1915 558 2001; x_wconf 88' lang='lat' dir='ltr'><strong>quia</strong></span> <span class='ocrx_word' id='word_1_80' title='bbox 587 1915 666 1979; x_wconf 89' lang='lat' dir='ltr'><strong>bene</strong></span> <span class='ocrx_word' id='word_1_81' title='bbox 696 1914 773 1977; x_wconf 90' lang='lat' dir='ltr'><strong>mihi</strong></span> <span class='ocrx_word' id='word_1_82' title='bbox 803 1912 933 1976; x_wconf 83' lang='lat' dir='ltr'><strong>servivit</strong></span> <span class='ocrx_word' id='word_1_83' title='bbox 959 1912 1045 1999; x_wconf 89' lang='lat' dir='ltr'><strong>apud</strong></span> <span class='ocrx_word' id='word_1_84' title='bbox 1072 1916 1208 1999; x_wconf 82' lang='lat' dir='ltr'><strong>Tyrum,</strong></span> <span class='ocrx_word' id='word_1_85' title='bbox 1233 1913 1317 1978; x_wconf 86' lang='lat' dir='ltr'><strong>dabo</strong></span> <span class='ocrx_word' id='word_1_86' title='bbox 1342 1914 1371 1978; x_wconf 89' lang='lat' dir='ltr'><strong>ei</strong></span> 
     </span>
     <span class='ocr_line' id='line_1_13' title="bbox 419 2013 1372 2101; baseline 0 -21"><span class='ocrx_word' id='word_1_87' title='bbox 419 2013 615 2101; x_wconf 80' lang='lat' dir='ltr'><strong>AEgyptum.</strong></span> <span class='ocrx_word' id='word_1_88' title='bbox 653 2016 766 2078; x_wconf 87' lang='lat' dir='ltr'><strong>Omnis</strong></span> <span class='ocrx_word' id='word_1_89' title='bbox 779 2028 886 2078; x_wconf 89' lang='lat' dir='ltr'><strong>autem</strong></span> <span class='ocrx_word' id='word_1_90' title='bbox 903 2026 1042 2100; x_wconf 89' lang='lat' dir='ltr'><strong>potestas</strong></span> <span class='ocrx_word' id='word_1_91' title='bbox 1058 2015 1150 2089; x_wconf 84' lang='lat' dir='ltr'><strong>bona,</strong></span> <span class='ocrx_word' id='word_1_92' title='bbox 1166 2017 1315 2100; x_wconf 91' lang='lat' dir='ltr'><strong>quoniam</strong></span> <span class='ocrx_word' id='word_1_93' title='bbox 1331 2016 1372 2080; x_wconf 92' lang='lat' dir='ltr'><strong>ab</strong></span> 
     </span>
     <span class='ocr_line' id='line_1_14' title="bbox 418 2116 1371 2202; baseline 0.001 -22"><span class='ocrx_word' id='word_1_94' title='bbox 418 2140 457 2180; x_wconf 90' lang='lat' dir='ltr'><strong>eo</strong></span> <span class='ocrx_word' id='word_1_95' title='bbox 471 2128 563 2194; x_wconf 88' lang='lat' dir='ltr'><strong>est,a</strong></span> <span class='ocrx_word' id='word_1_96' title='bbox 583 2139 648 2202; x_wconf 93' lang='lat' dir='ltr'><strong>quo</strong></span> <span class='ocrx_word' id='word_1_97' title='bbox 671 2116 749 2194; x_wconf 94' lang='lat' dir='ltr'><strong>solo,</strong></span> <span class='ocrx_word' id='word_1_98' title='bbox 764 2116 879 2195; x_wconf 86' lang='lat' dir='ltr'><strong>omnia,</strong></span> <span class='ocrx_word' id='word_1_99' title='bbox 893 2130 926 2180; x_wconf 90' lang='lat' dir='ltr'><strong>et</strong></span> <span class='ocrx_word' id='word_1_100' title='bbox 946 2116 1013 2181; x_wconf 88' lang='lat' dir='ltr'><strong>sola</strong></span> <span class='ocrx_word' id='word_1_101' title='bbox 1032 2130 1106 2181; x_wconf 89' lang='lat' dir='ltr'><strong>sunt</strong></span> <span class='ocrx_word' id='word_1_102' title='bbox 1127 2117 1219 2181; x_wconf 82' lang='lat' dir='ltr'><strong>bona.</strong></span> <span class='ocrx_word' id='word_1_103' title='bbox 1261 2118 1371 2184; x_wconf 89' lang='lat' dir='ltr'><strong>Utenti</strong></span> 
     </span>
     <span class='ocr_line' id='line_1_15' title="bbox 418 2216 1372 2304; baseline 0.001 -22"><span class='ocrx_word' id='word_1_104' title='bbox 418 2231 525 2282; x_wconf 87' lang='lat' dir='ltr'><strong>tamen</strong></span> <span class='ocrx_word' id='word_1_105' title='bbox 539 2216 700 2282; x_wconf 90' lang='lat' dir='ltr'><strong>interdum</strong></span> <span class='ocrx_word' id='word_1_106' title='bbox 716 2218 800 2282; x_wconf 92' lang='lat' dir='ltr'><strong>bona</strong></span> <span class='ocrx_word' id='word_1_107' title='bbox 815 2240 877 2281; x_wconf 93' lang='lat' dir='ltr'><strong>non</strong></span> <span class='ocrx_word' id='word_1_108' title='bbox 896 2230 955 2295; x_wconf 87' lang='lat' dir='ltr'><strong>est,</strong></span> <span class='ocrx_word' id='word_1_109' title='bbox 971 2229 1027 2282; x_wconf 92' lang='lat' dir='ltr'><strong>aut</strong></span> <span class='ocrx_word' id='word_1_110' title='bbox 1043 2218 1189 2304; x_wconf 83' lang='lat' dir='ltr'><strong>patienti,</strong></span> <span class='ocrx_word' id='word_1_111' title='bbox 1206 2219 1262 2284; x_wconf 92' lang='lat' dir='ltr'><strong>sed</strong></span> <span class='ocrx_word' id='word_1_112' title='bbox 1279 2224 1372 2298; x_wconf 89' lang='lat' dir='ltr'><strong>mala,</strong></span> 
     </span>
     <span class='ocr_line' id='line_1_16' title="bbox 419 2315 1372 2406; baseline 0.004 -27"><span class='ocrx_word' id='word_1_113' title='bbox 419 2316 493 2380; x_wconf 86' lang='lat' dir='ltr'><strong>licet</strong></span> <span class='ocrx_word' id='word_1_114' title='bbox 513 2315 620 2402; x_wconf 91' lang='lat' dir='ltr'><strong>quoad</strong></span> <span class='ocrx_word' id='word_1_115' title='bbox 644 2318 880 2382; x_wconf 89' lang='lat' dir='ltr'><strong>universitatem</strong></span> <span class='ocrx_word' id='word_1_116' title='bbox 905 2317 946 2381; x_wconf 91' lang='lat' dir='ltr'><strong>sit</strong></span> <span class='ocrx_word' id='word_1_117' title='bbox 969 2318 1063 2394; x_wconf 91' lang='lat' dir='ltr'><strong>bona,</strong></span> <span class='ocrx_word' id='word_1_118' title='bbox 1082 2317 1136 2381; x_wconf 90' lang='lat' dir='ltr'><strong>illo</strong></span> <span class='ocrx_word' id='word_1_119' title='bbox 1158 2319 1293 2384; x_wconf 80' lang='lat' dir='ltr'><strong>iaciente</strong></span> <span class='ocrx_word' id='word_1_120' title='bbox 1314 2320 1372 2406; x_wconf 92' lang='lat' dir='ltr'><strong>qui</strong></span> 
     </span>
     <span class='ocr_line' id='line_1_17' title="bbox 418 2417 1373 2507; baseline 0.005 -25"><span class='ocrx_word' id='word_1_121' title='bbox 418 2417 500 2482; x_wconf 88' lang='lat' dir='ltr'><strong>bene</strong></span> <span class='ocrx_word' id='word_1_122' title='bbox 515 2418 617 2483; x_wconf 91' lang='lat' dir='ltr'><strong>ntitur</strong></span> <span class='ocrx_word' id='word_1_123' title='bbox 628 2419 718 2483; x_wconf 89' lang='lat' dir='ltr'><strong>malis</strong></span> <span class='ocrx_word' id='word_1_124' title='bbox 729 2420 853 2485; x_wconf 85' lang='lat' dir='ltr'><strong>nostris.</strong></span> <span class='ocrx_word' id='word_1_125' title='bbox 885 2421 976 2485; x_wconf 88' lang='lat' dir='ltr'><strong>Sicut</strong></span> <span class='ocrx_word' id='word_1_126' title='bbox 987 2421 1071 2497; x_wconf 83' lang='lat' dir='ltr'><strong>enim</strong></span> <span class='ocrx_word' id='word_1_127' title='bbox 1084 2420 1114 2483; x_wconf 87' lang='lat' dir='ltr'><strong>in</strong></span> <span class='ocrx_word' id='word_1_128' title='bbox 1127 2421 1252 2507; x_wconf 86' lang='lat' dir='ltr'><strong>pictura</strong></span> <span class='ocrx_word' id='word_1_129' title='bbox 1263 2422 1373 2487; x_wconf 83' lang='lat' dir='ltr'><strong>fuscus</strong></span> 
     </span>
     <span class='ocr_line' id='line_1_18' title="bbox 419 2520 1372 2606; baseline 0.003 -23"><span class='ocrx_word' id='word_1_130' title='bbox 419 2533 477 2584; x_wconf 89' lang='lat' dir='ltr'><strong>aut</strong></span> <span class='ocrx_word' id='word_1_131' title='bbox 492 2520 583 2605; x_wconf 87' lang='lat' dir='ltr'><strong>niger</strong></span> <span class='ocrx_word' id='word_1_132' title='bbox 597 2520 693 2600; x_wconf 89' lang='lat' dir='ltr'><strong>color,</strong></span> <span class='ocrx_word' id='word_1_133' title='bbox 707 2535 764 2584; x_wconf 90' lang='lat' dir='ltr'><strong>aut</strong></span> <span class='ocrx_word' id='word_1_134' title='bbox 787 2521 902 2606; x_wconf 87' lang='lat' dir='ltr'><strong>aliquis</strong></span> <span class='ocrx_word' id='word_1_135' title='bbox 917 2521 997 2586; x_wconf 91' lang='lat' dir='ltr'><strong>alius</strong></span> <span class='ocrx_word' id='word_1_136' title='bbox 1017 2544 1074 2606; x_wconf 89' lang='lat' dir='ltr'><strong>per</strong></span> <span class='ocrx_word' id='word_1_137' title='bbox 1089 2545 1122 2584; x_wconf 89' lang='lat' dir='ltr'><strong>se</strong></span> <span class='ocrx_word' id='word_1_138' title='bbox 1144 2522 1372 2598; x_wconf 85' lang='lat' dir='ltr'><strong>consideratus,</strong></span> 
     </span>
     <span class='ocr_line' id='line_1_19' title="bbox 420 2622 1374 2708; baseline -0.003 -21"><span class='ocrx_word' id='word_1_139' title='bbox 420 2624 570 2689; x_wconf 85' lang='lat' dir='ltr'><strong>indecens</strong></span> <span class='ocrx_word' id='word_1_140' title='bbox 589 2639 649 2703; x_wconf 90' lang='lat' dir='ltr'><strong>est,</strong></span> <span class='ocrx_word' id='word_1_141' title='bbox 663 2636 695 2687; x_wconf 92' lang='lat' dir='ltr'><strong>et</strong></span> <span class='ocrx_word' id='word_1_142' title='bbox 716 2623 870 2687; x_wconf 89' lang='lat' dir='ltr'><strong>tamenin</strong></span> <span class='ocrx_word' id='word_1_143' title='bbox 894 2634 962 2686; x_wconf 90' lang='lat' dir='ltr'><strong>tota</strong></span> <span class='ocrx_word' id='word_1_144' title='bbox 977 2624 1103 2707; x_wconf 84' lang='lat' dir='ltr'><strong>pictura</strong></span> <span class='ocrx_word' id='word_1_145' title='bbox 1122 2622 1230 2687; x_wconf 88' lang='lat' dir='ltr'><strong>decet:</strong></span> <span class='ocrx_word' id='word_1_146' title='bbox 1258 2623 1301 2686; x_wconf 86' lang='lat' dir='ltr'><strong>sic</strong></span> <span class='ocrx_word' id='word_1_147' title='bbox 1317 2645 1374 2708; x_wconf 89' lang='lat' dir='ltr'><strong>per</strong></span> 
     </span>
     <span class='ocr_line' id='line_1_20' title="bbox 420 2721 1374 2812; baseline -0.002 -21"><span class='ocrx_word' id='word_1_148' title='bbox 420 2749 454 2791; x_wconf 85' lang='lat' dir='ltr'><strong>se</strong></span> <span class='ocrx_word' id='word_1_149' title='bbox 480 2728 629 2812; x_wconf 82' lang='lat' dir='ltr'><strong>quoedam</strong></span> <span class='ocrx_word' id='word_1_150' title='bbox 653 2726 807 2809; x_wconf 87' lang='lat' dir='ltr'><strong>inspecta,</strong></span> <span class='ocrx_word' id='word_1_151' title='bbox 832 2721 991 2798; x_wconf 89' lang='lat' dir='ltr'><strong>indecora,</strong></span> <span class='ocrx_word' id='word_1_152' title='bbox 1017 2736 1049 2788; x_wconf 91' lang='lat' dir='ltr'><strong>et</strong></span> <span class='ocrx_word' id='word_1_153' title='bbox 1074 2723 1175 2798; x_wconf 88' lang='lat' dir='ltr'><strong>mala;</strong></span> <span class='ocrx_word' id='word_1_154' title='bbox 1209 2723 1307 2788; x_wconf 87' lang='lat' dir='ltr'><strong>relata</strong></span> <span class='ocrx_word' id='word_1_155' title='bbox 1332 2725 1374 2789; x_wconf 90' lang='lat' dir='ltr'><strong>ad</strong></span> 
     </span>
     <span class='ocr_line' id='line_1_21' title="bbox 421 2823 1376 2910; baseline -0.001 -19"><span class='ocrx_word' id='word_1_156' title='bbox 421 2827 670 2905; x_wconf 88' lang='lat' dir='ltr'><strong>universitatem,</strong></span> <span class='ocrx_word' id='word_1_157' title='bbox 692 2826 775 2889; x_wconf 91' lang='lat' dir='ltr'><strong>bona</strong></span> <span class='ocrx_word' id='word_1_158' title='bbox 800 2835 954 2910; x_wconf 88' lang='lat' dir='ltr'><strong>apparent</strong></span> <span class='ocrx_word' id='word_1_159' title='bbox 980 2837 1012 2888; x_wconf 90' lang='lat' dir='ltr'><strong>et</strong></span> <span class='ocrx_word' id='word_1_160' title='bbox 1038 2823 1182 2909; x_wconf 88' lang='lat' dir='ltr'><strong>pulchra,</strong></span> <span class='ocrx_word' id='word_1_161' title='bbox 1206 2848 1244 2888; x_wconf 92' lang='lat' dir='ltr'><strong>eo</strong></span> <span class='ocrx_word' id='word_1_162' title='bbox 1269 2829 1376 2890; x_wconf 91' lang='lat' dir='ltr'><strong>omnia</strong></span> 
     </span>
     <span class='ocr_line' id='line_1_22' title="bbox 421 2924 1375 3013; baseline -0.002 -18"><span class='ocrx_word' id='word_1_163' title='bbox 421 2930 482 2995; x_wconf 87' lang='lat' dir='ltr'><strong>sibi</strong></span> <span class='ocrx_word' id='word_1_164' title='bbox 504 2929 689 3013; x_wconf 87' lang='lat' dir='ltr'><strong>adaptante,</strong></span> <span class='ocrx_word' id='word_1_165' title='bbox 712 2927 805 3012; x_wconf 89' lang='lat' dir='ltr'><strong>cujus</strong></span> <span class='ocrx_word' id='word_1_166' title='bbox 827 2929 934 2990; x_wconf 83' lang='lat' dir='ltr'><strong>omnia</strong></span> <span class='ocrx_word' id='word_1_167' title='bbox 955 2947 1052 3012; x_wconf 89' lang='lat' dir='ltr'><strong>opera</strong></span> <span class='ocrx_word' id='word_1_168' title='bbox 1074 2924 1166 2990; x_wconf 89' lang='lat' dir='ltr'><strong>valde</strong></span> <span class='ocrx_word' id='word_1_169' title='bbox 1189 2940 1264 2993; x_wconf 86' lang='lat' dir='ltr'><strong>sunt</strong></span> <span class='ocrx_word' id='word_1_170' title='bbox 1282 2928 1375 2993; x_wconf 89' lang='lat' dir='ltr'><strong>bona.</strong></span> 
     </span>
     <span class='ocr_line' id='line_1_23' title="bbox 422 3027 1374 3117; baseline -0.003 -21"><span class='ocrx_word' id='word_1_171' title='bbox 422 3034 514 3117; x_wconf 84' lang='lat' dir='ltr'><strong>Ergo</strong></span> <span class='ocrx_word' id='word_1_172' title='bbox 529 3040 562 3092; x_wconf 88' lang='lat' dir='ltr'><strong>et</strong></span> <span class='ocrx_word' id='word_1_173' title='bbox 577 3029 703 3114; x_wconf 86' lang='lat' dir='ltr'><strong>tyranni</strong></span> <span class='ocrx_word' id='word_1_174' title='bbox 720 3040 860 3113; x_wconf 88' lang='lat' dir='ltr'><strong>potestas</strong></span> <span class='ocrx_word' id='word_1_175' title='bbox 874 3028 959 3092; x_wconf 91' lang='lat' dir='ltr'><strong>bona</strong></span> <span class='ocrx_word' id='word_1_176' title='bbox 974 3027 1104 3113; x_wconf 88' lang='lat' dir='ltr'><strong>quidem</strong></span> <span class='ocrx_word' id='word_1_177' title='bbox 1120 3040 1178 3104; x_wconf 88' lang='lat' dir='ltr'><strong>est,</strong></span> <span class='ocrx_word' id='word_1_178' title='bbox 1196 3027 1374 3114; x_wconf 86' lang='lat' dir='ltr'><strong>tyrannide,</strong></span> 
     </span>
     <span class='ocr_line' id='line_1_24' title="bbox 421 3130 1377 3217; baseline -0.006 -17"><span class='ocrx_word' id='word_1_179' title='bbox 421 3147 527 3201; x_wconf 85' lang='lat' dir='ltr'><strong>tamen</strong></span> <span class='ocrx_word' id='word_1_180' title='bbox 544 3130 623 3197; x_wconf 91' lang='lat' dir='ltr'><strong>nihil</strong></span> <span class='ocrx_word' id='word_1_181' title='bbox 638 3144 686 3196; x_wconf 91' lang='lat' dir='ltr'><strong>est</strong></span> <span class='ocrx_word' id='word_1_182' title='bbox 701 3131 803 3217; x_wconf 82' lang='lat' dir='ltr'><strong>pejus.</strong></span> <span class='ocrx_word' id='word_1_183' title='bbox 841 3132 900 3195; x_wconf 88' lang='lat' dir='ltr'><strong>Est</strong></span> <span class='ocrx_word' id='word_1_184' title='bbox 916 3133 998 3195; x_wconf 90' lang='lat' dir='ltr'><strong>enim</strong></span> <span class='ocrx_word' id='word_1_185' title='bbox 1016 3131 1170 3217; x_wconf 88' lang='lat' dir='ltr'><strong>tyrannis,</strong></span> <span class='ocrx_word' id='word_1_186' title='bbox 1186 3154 1205 3194; x_wconf 91' lang='lat' dir='ltr'><strong>a</strong></span> <span class='ocrx_word' id='word_1_187' title='bbox 1220 3133 1290 3195; x_wconf 87' lang='lat' dir='ltr'><strong>Deo</strong></span> <span class='ocrx_word' id='word_1_188' title='bbox 1304 3154 1377 3195; x_wconf 88' lang='lat' dir='ltr'><strong>con·</strong></span> 
     </span>
     <span class='ocr_line' id='line_1_25' title="bbox 422 3231 1377 3319; baseline -0.004 -19"><span class='ocrx_word' id='word_1_189' title='bbox 422 3259 517 3300; x_wconf 73' lang='lat' dir='ltr'><strong>cessa</strong></span> <span class='ocrx_word' id='word_1_190' title='bbox 532 3232 653 3298; x_wconf 87' lang='lat' dir='ltr'><strong>homini</strong></span> <span class='ocrx_word' id='word_1_191' title='bbox 669 3231 835 3319; x_wconf 86' lang='lat' dir='ltr'><strong>potestatis</strong></span> <span class='ocrx_word' id='word_1_192' title='bbox 856 3231 984 3297; x_wconf 87' lang='lat' dir='ltr'><strong>abusus.</strong></span> <span class='ocrx_word' id='word_1_193' title='bbox 1024 3237 1061 3298; x_wconf 94' lang='lat' dir='ltr'><strong>ln</strong></span> <span class='ocrx_word' id='word_1_194' title='bbox 1077 3232 1137 3297; x_wconf 88' lang='lat' dir='ltr'><strong>hoc</strong></span> <span class='ocrx_word' id='word_1_195' title='bbox 1157 3247 1263 3299; x_wconf 89' lang='lat' dir='ltr'><strong>tamen</strong></span> <span class='ocrx_word' id='word_1_196' title='bbox 1283 3233 1377 3313; x_wconf 91' lang='lat' dir='ltr'><strong>malo,</strong></span> 
     </span>
     <span class='ocr_line' id='line_1_26' title="bbox 423 3335 1376 3420; baseline -0.004 -18"><span class='ocrx_word' id='word_1_197' title='bbox 423 3337 555 3417; x_wconf 89' lang='lat' dir='ltr'><strong>multus,</strong></span> <span class='ocrx_word' id='word_1_198' title='bbox 580 3349 613 3400; x_wconf 90' lang='lat' dir='ltr'><strong>et</strong></span> <span class='ocrx_word' id='word_1_199' title='bbox 639 3357 774 3419; x_wconf 83' lang='lat' dir='ltr'><strong>magnus</strong></span> <span class='ocrx_word' id='word_1_200' title='bbox 797 3349 843 3398; x_wconf 93' lang='lat' dir='ltr'><strong>est</strong></span> <span class='ocrx_word' id='word_1_201' title='bbox 871 3335 1028 3399; x_wconf 92' lang='lat' dir='ltr'><strong>bonorum</strong></span> <span class='ocrx_word' id='word_1_202' title='bbox 1055 3357 1143 3400; x_wconf 91' lang='lat' dir='ltr'><strong>usus.</strong></span> <span class='ocrx_word' id='word_1_203' title='bbox 1181 3339 1275 3401; x_wconf 88' lang='lat' dir='ltr'><strong>Patet</strong></span> <span class='ocrx_word' id='word_1_204' title='bbox 1299 3355 1376 3420; x_wconf 88' lang='lat' dir='ltr'><strong>ergo</strong></span> 
     </span>
     <span class='ocr_line' id='line_1_27' title="bbox 424 3436 1377 3523; baseline -0.001 -22"><span class='ocrx_word' id='word_1_205' title='bbox 424 3460 486 3502; x_wconf 93' lang='lat' dir='ltr'><strong>non</strong></span> <span class='ocrx_word' id='word_1_206' title='bbox 507 3439 539 3502; x_wconf 91' lang='lat' dir='ltr'><strong>in</strong></span> <span class='ocrx_word' id='word_1_207' title='bbox 559 3437 632 3501; x_wconf 91' lang='lat' dir='ltr'><strong>solis</strong></span> <span class='ocrx_word' id='word_1_208' title='bbox 654 3436 852 3523; x_wconf 87' lang='lat' dir='ltr'><strong>principibus</strong></span> <span class='ocrx_word' id='word_1_209' title='bbox 872 3458 940 3499; x_wconf 90' lang='lat' dir='ltr'><strong>esse</strong></span> <span class='ocrx_word' id='word_1_210' title='bbox 962 3437 1177 3521; x_wconf 84' lang='lat' dir='ltr'><strong>tyrannidem,</strong></span> <span class='ocrx_word' id='word_1_211' title='bbox 1191 3437 1246 3501; x_wconf 90' lang='lat' dir='ltr'><strong>sed</strong></span> <span class='ocrx_word' id='word_1_212' title='bbox 1268 3460 1377 3501; x_wconf 90' lang='lat' dir='ltr'><strong>omnes</strong></span> 
     </span>
     <span class='ocr_line' id='line_1_28' title="bbox 423 3536 1376 3627; baseline -0.001 -23"><span class='ocrx_word' id='word_1_213' title='bbox 423 3564 492 3606; x_wconf 89' lang='lat' dir='ltr'><strong>esse</strong></span> <span class='ocrx_word' id='word_1_214' title='bbox 507 3553 669 3627; x_wconf 90' lang='lat' dir='ltr'><strong>tyrannos,</strong></span> <span class='ocrx_word' id='word_1_215' title='bbox 685 3539 741 3625; x_wconf 92' lang='lat' dir='ltr'><strong>qui</strong></span> <span class='ocrx_word' id='word_1_216' title='bbox 757 3557 903 3602; x_wconf 88' lang='lat' dir='ltr'><strong>concessa</strong></span> <span class='ocrx_word' id='word_1_217' title='bbox 921 3536 1060 3624; x_wconf 86' lang='lat' dir='ltr'><strong>desuper</strong></span> <span class='ocrx_word' id='word_1_218' title='bbox 1073 3551 1232 3624; x_wconf 85' lang='lat' dir='ltr'><strong>potestate</strong></span> <span class='ocrx_word' id='word_1_219' title='bbox 1251 3540 1283 3603; x_wconf 93' lang='lat' dir='ltr'><strong>in</strong></span> <span class='ocrx_word' id='word_1_220' title='bbox 1300 3539 1376 3603; x_wconf 89' lang='lat' dir='ltr'><strong>sub-</strong></span> 
     </span>
     <span class='ocr_line' id='line_1_29' title="bbox 423 3638 1376 3728; baseline 0 -23"><span class='ocrx_word' id='word_1_221' title='bbox 423 3641 500 3706; x_wconf 90' lang='lat' dir='ltr'><strong>ditis</strong></span> <span class='ocrx_word' id='word_1_222' title='bbox 518 3641 709 3706; x_wconf 85' lang='lat' dir='ltr'><strong>abutuntur.</strong></span> <span class='ocrx_word' id='word_1_223' title='bbox 746 3643 848 3704; x_wconf 92' lang='lat' dir='ltr'><strong>Porro</strong></span> <span class='ocrx_word' id='word_1_224' title='bbox 871 3639 898 3702; x_wconf 91' lang='lat' dir='ltr'><strong>si</strong></span> <span class='ocrx_word' id='word_1_225' title='bbox 920 3652 1061 3726; x_wconf 90' lang='lat' dir='ltr'><strong>potestas</strong></span> <span class='ocrx_word' id='word_1_226' title='bbox 1078 3638 1207 3705; x_wconf 87' lang='lat' dir='ltr'><strong>accedat</strong></span> <span class='ocrx_word' id='word_1_227' title='bbox 1229 3641 1376 3728; x_wconf 81' lang='lat' dir='ltr'><strong>sapienti,</strong></span> 
     </span>
     <span class='ocr_line' id='line_1_30' title="bbox 424 3738 1377 3829; baseline 0.004 -23"><span class='ocrx_word' id='word_1_228' title='bbox 424 3743 482 3829; x_wconf 92' lang='lat' dir='ltr'><strong>qui</strong></span> <span class='ocrx_word' id='word_1_229' title='bbox 510 3764 614 3806; x_wconf 90' lang='lat' dir='ltr'><strong>rerum</strong></span> <span class='ocrx_word' id='word_1_230' title='bbox 637 3741 781 3805; x_wconf 91' lang='lat' dir='ltr'><strong>omnium</strong></span> <span class='ocrx_word' id='word_1_231' title='bbox 806 3738 895 3803; x_wconf 91' lang='lat' dir='ltr'><strong>novit</strong></span> <span class='ocrx_word' id='word_1_232' title='bbox 919 3754 951 3805; x_wconf 90' lang='lat' dir='ltr'><strong>et</strong></span> <span class='ocrx_word' id='word_1_233' title='bbox 976 3741 1071 3806; x_wconf 89' lang='lat' dir='ltr'><strong>habet</strong></span> <span class='ocrx_word' id='word_1_234' title='bbox 1099 3763 1203 3818; x_wconf 89' lang='lat' dir='ltr'><strong>usum,</strong></span> <span class='ocrx_word' id='word_1_235' title='bbox 1226 3745 1377 3810; x_wconf 88' lang='lat' dir='ltr'><strong>omnibus</strong></span> 
     </span>
     <span class='ocr_line' id='line_1_31' title="bbox 423 3840 1375 3928; baseline 0.001 -20"><span class='ocrx_word' id='word_1_236' title='bbox 423 3846 516 3908; x_wconf 89' lang='lat' dir='ltr'><strong>bonis</strong></span> <span class='ocrx_word' id='word_1_237' title='bbox 534 3856 629 3928; x_wconf 87' lang='lat' dir='ltr'><strong>grata</strong></span> <span class='ocrx_word' id='word_1_238' title='bbox 649 3857 709 3918; x_wconf 86' lang='lat' dir='ltr'><strong>est,</strong></span> <span class='ocrx_word' id='word_1_239' title='bbox 725 3855 757 3905; x_wconf 89' lang='lat' dir='ltr'><strong>et</strong></span> <span class='ocrx_word' id='word_1_240' title='bbox 779 3840 927 3906; x_wconf 91' lang='lat' dir='ltr'><strong>omnibus</strong></span> <span class='ocrx_word' id='word_1_241' title='bbox 948 3842 1046 3908; x_wconf 90' lang='lat' dir='ltr'><strong>utilis.</strong></span> <span class='ocrx_word' id='word_1_242' title='bbox 1084 3844 1118 3911; x_wconf 84' lang='lat' dir='ltr'><strong>si</strong></span> <span class='ocrx_word' id='word_1_243' title='bbox 1139 3869 1215 3910; x_wconf 88' lang='lat' dir='ltr'><strong>vero</strong></span> <span class='ocrx_word' id='word_1_244' title='bbox 1234 3847 1328 3911; x_wconf 88' lang='lat' dir='ltr'><strong>cadat</strong></span> <span class='ocrx_word' id='word_1_245' title='bbox 1343 3847 1375 3910; x_wconf 93' lang='lat' dir='ltr'><strong>in</strong></span> 
     </span>
     <span class='ocr_line' id='line_1_32' title="bbox 424 3943 1375 4034; baseline 0.003 -27"><span class='ocrx_word' id='word_1_246' title='bbox 424 3944 635 4031; x_wconf 84' lang='lat' dir='ltr'><strong>insipientem,</strong></span> <span class='ocrx_word' id='word_1_247' title='bbox 651 3945 710 4008; x_wconf 89' lang='lat' dir='ltr'><strong>etsi</strong></span> <span class='ocrx_word' id='word_1_248' title='bbox 732 3943 832 4017; x_wconf 87' lang='lat' dir='ltr'><strong>bonis,</strong></span> <span class='ocrx_word' id='word_1_249' title='bbox 850 3945 967 4029; x_wconf 89' lang='lat' dir='ltr'><strong>quibus</strong></span> <span class='ocrx_word' id='word_1_250' title='bbox 988 3950 1096 4012; x_wconf 91' lang='lat' dir='ltr'><strong>omnia</strong></span> <span class='ocrx_word' id='word_1_251' title='bbox 1112 3962 1324 4034; x_wconf 88' lang='lat' dir='ltr'><strong>cooperantur</strong></span> <span class='ocrx_word' id='word_1_252' title='bbox 1342 3949 1375 4010; x_wconf 91' lang='lat' dir='ltr'><strong>in</strong></span> 
     </span>
     <span class='ocr_line' id='line_1_33' title="bbox 424 4045 1376 4131; baseline 0 -21"><span class='ocrx_word' id='word_1_253' title='bbox 424 4045 554 4123; x_wconf 87' lang='lat' dir='ltr'><strong>bonum,</strong></span> <span class='ocrx_word' id='word_1_254' title='bbox 571 4045 651 4111; x_wconf 88' lang='lat' dir='ltr'><strong>mala</strong></span> <span class='ocrx_word' id='word_1_255' title='bbox 665 4068 732 4108; x_wconf 86' lang='lat' dir='ltr'><strong>esse</strong></span> <span class='ocrx_word' id='word_1_256' title='bbox 747 4067 808 4108; x_wconf 96' lang='lat' dir='ltr'><strong>non</strong></span> <span class='ocrx_word' id='word_1_257' title='bbox 825 4045 935 4131; x_wconf 85' lang='lat' dir='ltr'><strong>possit,</strong></span> <span class='ocrx_word' id='word_1_258' title='bbox 952 4048 1083 4111; x_wconf 88' lang='lat' dir='ltr'><strong>molesta</strong></span> <span class='ocrx_word' id='word_1_259' title='bbox 1098 4061 1203 4112; x_wconf 90' lang='lat' dir='ltr'><strong>tamen</strong></span> <span class='ocrx_word' id='word_1_260' title='bbox 1218 4048 1258 4110; x_wconf 92' lang='lat' dir='ltr'><strong>ad</strong></span> <span class='ocrx_word' id='word_1_261' title='bbox 1275 4047 1376 4110; x_wconf 92' lang='lat' dir='ltr'><strong>modi·</strong></span> 
     </span>
     <span class='ocr_line' id='line_1_34' title="bbox 424 4146 1377 4234; baseline -0.001 -25"><span class='ocrx_word' id='word_1_262' title='bbox 424 4170 498 4211; x_wconf 89' lang='lat' dir='ltr'><strong>cum</strong></span> <span class='ocrx_word' id='word_1_263' title='bbox 529 4146 679 4233; x_wconf 90' lang='lat' dir='ltr'><strong>temporis</strong></span> <span class='ocrx_word' id='word_1_264' title='bbox 707 4159 764 4210; x_wconf 90' lang='lat' dir='ltr'><strong>est.</strong></span> <span class='ocrx_word' id='word_1_265' title='bbox 810 4149 894 4210; x_wconf 92' lang='lat' dir='ltr'><strong>Nam</strong></span> <span class='ocrx_word' id='word_1_266' title='bbox 922 4169 990 4209; x_wconf 90' lang='lat' dir='ltr'><strong>eam</strong></span> <span class='ocrx_word' id='word_1_267' title='bbox 1022 4149 1168 4234; x_wconf 90' lang='lat' dir='ltr'><strong>utrisque</strong></span> <span class='ocrx_word' id='word_1_268' title='bbox 1194 4148 1377 4228; x_wconf 82' lang='lat' dir='ltr'><strong>contingere</strong></span> 
     </span>
     <span class='ocr_line' id='line_1_35' title="bbox 424 4245 1376 4335; baseline -0.001 -25"><span class='ocrx_word' id='word_1_269' title='bbox 424 4249 627 4312; x_wconf 89' lang='lat' dir='ltr'><strong>manifestum</strong></span> <span class='ocrx_word' id='word_1_270' title='bbox 644 4260 701 4320; x_wconf 85' lang='lat' dir='ltr'><strong>est,</strong></span> <span class='ocrx_word' id='word_1_271' title='bbox 717 4247 790 4311; x_wconf 87' lang='lat' dir='ltr'><strong>licet</strong></span> <span class='ocrx_word' id='word_1_272' title='bbox 804 4249 952 4330; x_wconf 83' lang='lat' dir='ltr'><strong>exigente</strong></span> <span class='ocrx_word' id='word_1_273' title='bbox 966 4247 1086 4312; x_wconf 88' lang='lat' dir='ltr'><strong>malitia</strong></span> <span class='ocrx_word' id='word_1_274' title='bbox 1101 4249 1251 4335; x_wconf 89' lang='lat' dir='ltr'><strong>temporis</strong></span> <span class='ocrx_word' id='word_1_275' title='bbox 1265 4245 1376 4324; x_wconf 79' lang='lat' dir='ltr'><strong>nostri,</strong></span> 
     </span>
     <span class='ocr_line' id='line_1_36' title="bbox 425 4346 1374 4434; baseline -0.001 -22"><span class='ocrx_word' id='word_1_276' title='bbox 425 4349 481 4434; x_wconf 89' lang='lat' dir='ltr'><strong>qui</strong></span> <span class='ocrx_word' id='word_1_277' title='bbox 494 4349 525 4412; x_wconf 92' lang='lat' dir='ltr'><strong>in</strong></span> <span class='ocrx_word' id='word_1_278' title='bbox 533 4371 589 4413; x_wconf 90' lang='lat' dir='ltr'><strong>nos</strong></span> <span class='ocrx_word' id='word_1_279' title='bbox 600 4348 763 4434; x_wconf 83' lang='lat' dir='ltr'><strong>flagellum</strong></span> <span class='ocrx_word' id='word_1_280' title='bbox 777 4347 906 4412; x_wconf 91' lang='lat' dir='ltr'><strong>Domini</strong></span> <span class='ocrx_word' id='word_1_281' title='bbox 912 4346 1035 4432; x_wconf 85' lang='lat' dir='ltr'><strong>jugiter</strong></span> <span class='ocrx_word' id='word_1_282' title='bbox 1047 4370 1265 4434; x_wconf 90' lang='lat' dir='ltr'><strong>provocamus,</strong></span> <span class='ocrx_word' id='word_1_283' title='bbox 1273 4346 1374 4424; x_wconf 77' lang='lat' dir='ltr'><strong>malis,</strong></span> 
     </span>
     <span class='ocr_line' id='line_1_37' title="bbox 468 4466 921 4516; baseline -0.011 -1"><span class='ocrx_word' id='word_1_284' title='bbox 468 4470 540 4515; x_wconf 82' lang='lat' dir='ltr'><strong>vor..</strong></span> <span class='ocrx_word' id='word_1_285' title='bbox 561 4470 605 4516; x_wconf 87' lang='lat' dir='ltr'><strong>rv.</strong></span> <span class='ocrx_word' id='word_1_286' title='bbox 902 4466 921 4510; x_wconf 83' lang='lat' dir='ltr'><strong>r</strong></span> 
     </span>
    </p>
   </div>
   <div class='ocr_carea' id='block_1_3' title="bbox 0 0 1795 5467">
    <p class='ocr_par' dir='ltr' id='par_1_3' title="bbox 0 0 1795 5467">
     <span class='ocr_line' id='line_1_38' title="bbox 0 0 1795 5467; baseline 0 0"><span class='ocrx_word' id='word_1_287' title='bbox 0 0 1795 5467; x_wconf 95' lang='lat' dir='ltr'><strong> </strong></span> 
     </span>
    </p>
   </div>
  </div>
 </body>
</html>
