3550 5467
287 773 361 820 can.
375 756 501 837 sarra]
646 772 898 819 contemnens.
1204 761 1263 818 71·

285 926 376 991 audit
389 948 409 990 a
425 926 572 991 Domino
587 938 741 1010 perpetuo
755 947 886 989 munere
901 923 1110 988 honoratum?
1141 926 1242 990 Plane

285 1028 317 1091 in
343 1027 566 1092 insensibilem
588 1027 746 1112 principis
765 1036 903 1091 statuam
926 1026 1099 1111 quicquam
1121 1047 1240 1110 praesu·

284 1149 382 1207 mere,
396 1127 592 1214 quandoque
616 1129 737 1193 crimen
760 1128 869 1192 extitit
891 1128 1073 1211 majestatis,
1092 1138 1125 1190 et
1143 1138 1242 1192 morte

283 1231 504 1308 acerbissima,
539 1242 634 1312 prout
670 1231 830 1293 veteribus
866 1230 996 1313 placuit,
1032 1229 1239 1317 puniendum.

283 1329 364 1405 Quis
379 1352 456 1413 ergo
470 1332 504 1393 in
519 1331 690 1411 imaginem
710 1329 783 1409 Dei,
799 1330 853 1414 qui
873 1339 922 1392 est
941 1329 1101 1412 princeps,
1117 1330 1242 1393 malitia

283 1443 498 1515 presumente
519 1433 650 1515 impune
665 1429 821 1494 offendit?
859 1428 999 1493 Proinde
1021 1431 1241 1494 consiliosissi-

282 1551 373 1594 mum
387 1539 438 1595 est
451 1531 533 1594 illud
547 1532 721 1616 sepientis:
744 1533 783 1594 In
799 1531 992 1613 cogitatione
1012 1539 1077 1606 tua,
1092 1531 1158 1612 regi
1173 1552 1239 1594 non

281 1631 444 1710 detrahas,
465 1633 553 1696 etin
579 1644 703 1697 secroto
730 1633 872 1697 cubiculi
898 1633 945 1696 tui
973 1653 1014 1694 ne
1036 1632 1239 1695 maledixeris

280 1733 388 1811 diviti,
403 1735 480 1818 quia
494 1756 570 1798 ares
592 1735 667 1799 coeli
690 1735 866 1818 portabunt
891 1754 1001 1797 vocem
1025 1742 1121 1809 tuam,
1137 1737 1239 1818 etqui

281 1835 407 1900 habent
428 1858 551 1920 pennas
573 1839 816 1902 annunciabunt
834 1836 1034 1900 sententiam.
1081 1836 1240 1920 Nunquid

280 1958 359 2020 ergo
381 1939 555 2022 quicquam
577 1938 689 2003 licebit
710 1939 743 2001 in
765 1959 871 2023 opere,
886 1949 942 2001 aut
965 1940 1071 2016 verbo,
1086 1959 1185 2021 quum
1205 1951 1239 2003 et

281 2040 355 2123 ipsa
383 2040 545 2122 cogitatio,
577 2040 782 2122 cubiculique
817 2052 984 2117 secretum,
1013 2051 1044 2103 ct
1080 2041 1238 2104 sententia

280 2140 392 2203 cordia
413 2153 567 2219 arceatur,
582 2161 624 2204 ne
646 2141 723 2224 quid
745 2141 902 2221 moliatur,
921 2152 976 2204 aut
997 2140 1159 2224 concipiat
1181 2142 1237 2205 ad·

280 2261 392 2328 veretra
406 2239 613 2325 principem?

279 2515 361 2600 Cap.
393 2520 445 2577 27.
470 2512 563 2588 Quod
590 2511 790 2575 Gnathonici
814 2521 1007 2593 pervertant
1033 2515 1153 2590 cannia,
1179 2535 1237 2575 neo

322 2615 516 2696 cerasateri
528 2615 720 2696 patiuntur,
734 2621 765 2674 et
781 2614 866 2697 qnod
879 2617 926 2674 eia
940 2616 1087 2693 exeanplo
1102 2615 1236 2676 biarcio

323 2719 448 2780 coriam
477 2715 712 2779 detrahendam
734 2722 793 2787 est,
823 2717 852 2775 ai
879 2716 1014 2796 sapiant
1040 2714 1171 2777 divites:
1204 2724 1236 2777 et

322 2817 412 2903 qaod
433 2819 690 2880 calumniatores
709 2836 895 2898 pauperum
921 2814 1012 2878 Deua
1036 2817 1106 2897 ipse
1129 2836 1233 2894 perce·

323 2921 452 3004 quitur.

331 3077 513 3140 Caranum
541 3076 570 3138 si
599 3076 768 3138 Gnathoni
806 3072 955 3152 creditur,
988 3075 1134 3157 quisquis
1171 3099 1236 3140 non

283 3178 403 3244 arridet
426 3176 561 3254 ditibus,
586 3177 680 3239 etiam
709 3196 809 3258 quum
841 3176 1067 3253 malefecerint,
1092 3188 1238 3241 autnon

282 3277 453 3365 applaudit
481 3278 513 3340 in
543 3276 692 3360 pessimis
723 3295 843 3352 eorum,
866 3274 992 3339 ridetur
1017 3288 1071 3340 aut
1093 3277 1236 3343 invidere

283 3383 430 3457 fortuna,
446 3390 500 3442 aut
514 3379 619 3440 officio
634 3399 699 3439 non
717 3375 852 3438 differre.
892 3376 976 3438 Nam
992 3377 1079 3460 apud
1091 3380 1236 3444 Gnatho-

283 3484 374 3548 nicos
388 3481 530 3545 veritatis
544 3480 719 3563 cloquium,
734 3477 855 3541 crimen
878 3488 927 3541 est
941 3479 1124 3564 majestatis.
1170 3484 1234 3546 lm-

282 3594 406 3669 petrata
431 3597 538 3648 tamen
563 3583 664 3659 venia,
688 3601 787 3643 unum
814 3601 872 3663 pro
893 3583 1042 3645 membris
1069 3584 1102 3647 in
1125 3585 1237 3650 auditu

283 3686 401 3770 capitis
415 3685 532 3762 insero,
546 3704 610 3747 non
626 3695 733 3745 tamen
749 3703 823 3763 ego,
835 3681 893 3744 sed
908 3683 1036 3765 spiritus
1060 3687 1237 3770 sapientia,

282 3788 412 3872 spiritus
427 3786 578 3863 veritatis,
593 3786 723 3868 spiritus
738 3795 884 3847 sanctus:
910 3780 976 3856 Qui
988 3789 1114 3851 obturat
1128 3811 1236 3854 aurem

282 3911 374 3953 scam
389 3888 430 3952 ad
447 3890 619 3952 clamorem
641 3887 801 3970 pauperis,
815 3898 847 3949 et
861 3887 930 3970 ipse
950 3888 1112 3969 clamabit,
1127 3904 1159 3954 et
1173 3914 1237 3956 non

281 3990 484 4054 exaudietur.
530 3989 606 4051 Non
628 3987 778 4071 equidem
801 3987 992 4052 exaudietur
1008 4012 1027 4053 a
1042 3992 1147 4075 capite
1170 4016 1239 4072 suo,

283 4092 437 4177 qnoniam
453 4102 552 4174 caput
566 4090 636 4173 ejus
652 4090 797 4153 Christus
812 4101 872 4168 est,
887 4100 920 4154 et
934 4091 968 4153 in
993 4092 1119 4156 Christo
1136 4095 1236 4168 Deus,

281 4205 314 4258 et
328 4195 422 4258 Deus
441 4193 598 4267 Christus,
614 4191 668 4275 qui
690 4192 804 4254 liberat
826 4212 998 4274 pauperem
1013 4215 1033 4256 a
1047 4204 1190 4277 potente,
1205 4206 1237 4256 et

280 4296 457 4378 confringit
485 4295 593 4358 omnia
623 4294 812 4356 intumentia
842 4313 940 4374 regna
966 4306 1129 4370 terrarum,
1152 4294 1235 4375 lapis

282 4399 440 4481 praecisus
456 4395 496 4460 de
511 4407 619 4459 monte
638 4397 708 4458 sine
727 4395 886 4471 manibus,
901 4394 1038 4477 eripiens
1053 4394 1182 4475 inopem
1198 4395 1238 4458 de
