3550 5467
534 712 597 772 110
789 722 925 767 scaurus
941 717 1219 766 saansaanrnnsrs
1315 705 1410 790 lm·
1426 723 1483 770 m

530 874 660 940 tradicit
679 873 785 950 citius,
802 887 835 937 et
857 871 1052 959 pertinacius
1073 869 1259 949 reluctatur,
1276 868 1333 957 qui
1350 871 1382 936 in
1408 895 1485 958 pau·

528 976 626 1041 nitate
641 997 747 1038 rerum
766 971 970 1046 addiscenda,
984 971 1157 1035 consumsit
1179 983 1320 1046 aetmem,
1336 984 1369 1036 et
1395 985 1483 1038 tauta

529 1077 698 1141 verborum
714 1073 862 1158 angustia
878 1071 1047 1158 premitur,
1062 1084 1099 1136 ut
1117 1071 1143 1135 si
1159 1073 1291 1138 verbum
1310 1096 1410 1137 unum
1427 1088 1482 1140 aut

528 1175 597 1239 duo
612 1173 815 1249 subduxeris,
827 1171 963 1256 elinguis
980 1174 1047 1249 liat,
1059 1181 1091 1234 et
1106 1172 1220 1259 quavis
1232 1185 1342 1238 statua
1354 1172 1484 1240 tacitar-

529 1279 609 1342 nior.
647 1280 863 1340 Marmoreum
880 1287 987 1359 putes,
1002 1274 1081 1337 etin
1098 1272 1258 1338 auditorio
1277 1273 1482 1361 Pythagoran,

529 1388 586 1440 aut
600 1375 825 1440 monachorum
844 1377 996 1447 claustro,
1013 1395 1074 1436 non
1096 1389 1161 1438 tam
1187 1395 1293 1451 usum,
1311 1398 1407 1461 quam
1432 1399 1481 1440 ne-

528 1478 706 1544 cessitatem
719 1475 834 1540 silentii
849 1475 1007 1539 didicisse.
1045 1475 1078 1538 Si
1090 1475 1163 1560 quis
1175 1475 1312 1540 istorum
1324 1484 1355 1540 in
1372 1500 1481 1543 manus

530 1594 604 1644 tuas
629 1579 712 1643 sorte
737 1574 930 1641 erudiendus
953 1575 1113 1651 inciderit,
1135 1577 1249 1641 merito
1271 1577 1371 1642 facies
1396 1579 1480 1666 quod

531 1679 749 1756 Timotheum,
764 1677 820 1763 qui
842 1677 874 1741 in
899 1690 967 1741 arte
991 1677 1142 1741 tibiarum
1165 1676 1355 1755 excellebat,
1376 1678 1481 1744 fecime

531 1782 629 1846 refert
650 1780 866 1859 Quintilianus
891 1779 922 1842 in
947 1777 1029 1844 libro
1050 1779 1091 1843 de
1114 1780 1318 1844 institutione
1341 1782 1482 1846 oratoris.

532 1881 595 1947 Hic
609 1882 738 1969 quidem
754 1880 870 1966 duplas
889 1879 1048 1944 mercedes
1072 1881 1234 1965 exigebat,
1250 1895 1283 1946 et
1306 1882 1480 1968 accipiebat

527 1984 572 2050 ab
587 1986 647 2061 his,
659 1985 716 2070 qui
730 1984 857 2048 fuerant
873 1983 955 2047 male
969 1983 1189 2070 praeinstituti,
1200 2006 1297 2070 quam
1314 1984 1341 2049 si
1355 1989 1481 2049 omnino

530 2085 627 2151 rudes
654 2086 848 2150 accederent.
906 2086 1006 2149 Error
1038 2085 1122 2149 enim
1151 2084 1313 2172 duplicem
1343 2085 1479 2153 laborem

529 2187 645 2271 exigit,
663 2208 766 2271 quum
790 2199 823 2249 et
848 2185 984 2250 delenda
1006 2190 1069 2252 sint
1091 2209 1249 2273 perversae
1274 2187 1483 2254 institutionis

529 2286 660 2365 semina,
675 2300 708 2351 et
723 2286 815 2350 bonae
830 2287 957 2352 fidelius
977 2288 1040 2352 sint
1063 2289 1240 2354 inserenda.
1285 2292 1421 2376 Suspice
1442 2290 1482 2355 ad

529 2389 744 2453 moderatores
759 2388 1023 2474 philosophorum
1039 2390 1191 2476 temporis
1206 2391 1319 2469 nostri,
1334 2391 1408 2456 illos
1429 2393 1482 2479 qui

528 2489 629 2555 altius
650 2502 885 2577 praeconantur,
908 2514 988 2575 quos
1014 2492 1196 2557 auditorum
1224 2492 1403 2557 multitudo
1424 2495 1481 2558 cir-

528 2592 729 2679 cumstrepit,
745 2591 914 2678 diligenter
928 2592 1078 2675 adtende,
1092 2616 1146 2656 eos
1159 2593 1193 2657 in
1209 2593 1322 2679 regula
1338 2617 1413 2677 una,
1427 2609 1482 2661 aut

528 2694 658 2759 duobus
672 2707 727 2759 aut
744 2693 891 2781 pauculis
907 2693 1010 2757 verbis
1024 2693 1164 2758 invenies
1178 2709 1362 2780 occupatos,
1373 2711 1431 2762 out
1447 2709 1480 2762 ut

529 2795 668 2861 multum
685 2796 838 2884 pauculas
857 2795 1050 2881 quaestiones
1065 2810 1156 2882 aptas
1173 2794 1292 2882 jurgiis
1306 2797 1481 2885 elegerunt,

529 2897 704 2985 inquibus
729 2897 889 2984 ingenium
918 2920 1010 2961 suum
1035 2911 1214 2974 exerceant,
1237 2908 1270 2961 et
1293 2914 1479 2965 consumant

527 3011 668 3063 aetatem.
715 2999 781 3061 Eas
803 3010 907 3062 tamen
925 3019 987 3060 non
1004 2995 1164 3062 sufficiunt
1185 2997 1335 3076 enodare,
1351 2999 1407 3063 sed
1430 3023 1482 3064 no-

526 3101 620 3178 dum,
633 3112 663 3165 et
680 3112 780 3165 totam
795 3098 1039 3183 ambiguitatem
1050 3121 1121 3163 cum
1137 3098 1339 3163 intricatione
1354 3124 1480 3187 suaper

527 3203 692 3268 auditores
717 3225 791 3266 suos
821 3200 1040 3266 transmittunt
1069 3201 1204 3286 posteris
1232 3199 1478 3267 dissolvendum.

529 3309 581 3370 Eo
597 3304 656 3369 loci
671 3318 708 3367 ut
720 3302 936 3387 congrediaris
947 3301 1096 3380 invitant,
1108 3302 1238 3376 instant,
1252 3303 1480 3392 postulantque

527 3405 730 3470 conflictum:
761 3404 788 3466 si
808 3401 918 3467 differs
940 3426 1068 3468 manum
1090 3403 1245 3479 conferre,
1266 3405 1292 3468 si
1313 3405 1479 3492 paululum

528 3507 672 3580 moraris,
687 3503 843 3568 insiliunt.
890 3505 924 3568 Si
939 3505 1075 3580 accedis,
1092 3506 1117 3569 si
1134 3505 1261 3569 tandem
1277 3507 1398 3573 invitus
1411 3530 1482 3571 con-

529 3606 681 3691 grederis,
696 3604 721 3668 si
737 3606 864 3690 premis,
881 3606 1018 3670 latebras
1037 3619 1200 3693 quaerunt,
1216 3608 1341 3672 vadant
1356 3609 1478 3684 faciem,

529 3708 627 3772 verba
641 3705 857 3792 distorquent,
868 3707 1040 3793 praestigiis
1054 3707 1308 3787 conformantur,
1322 3709 1480 3775 lubricum

525 3822 559 3874 et
572 3808 742 3874 volubilem
754 3810 871 3889 Protea
879 3809 1045 3876 miraberis
1053 3810 1194 3892 rediisse,
1206 3811 1266 3876 nisi
1282 3811 1370 3898 quod
1382 3812 1479 3878 teneri

526 3909 650 3975 facilius
664 3922 780 3995 potest,
791 3909 816 3973 si
829 3909 860 3973 in
873 3933 911 3974 eo
926 3909 1112 3996 perstiteris,
1125 3924 1162 3976 ut
1178 3934 1373 3999 quocunque
1384 3914 1479 3978 verbo

525 4011 669 4079 defluant
693 4025 726 4075 et
741 4010 921 4085 volvantur,
937 4008 1017 4095 quid
1041 4013 1139 4076 velint
1161 4012 1331 4099 intelligas,
1345 4027 1378 4079 et
1400 4013 1478 4101 quid

525 4115 664 4182 sentiant
686 4113 719 4176 in
743 4125 833 4177 tanta
848 4111 1001 4176 varietate
1017 4113 1198 4193 verborum,
1214 4128 1246 4180 et
1269 4115 1398 4181 tandem
1416 4116 1478 4180 vin·

523 4220 651 4283 cientur
673 4235 765 4278 sensu
789 4234 859 4289 suo,
874 4227 906 4276 et
929 4214 1096 4299 capientur
1118 4216 1148 4279 in
1166 4217 1264 4281 verbo
1285 4217 1351 4281 oris
1373 4221 1435 4295 sui,
1451 4219 1473 4281 si

521 4314 733 4382 substantiam
748 4333 870 4388 eorum,
886 4333 961 4396 quae
976 4313 1098 4392 dicunt,
1112 4317 1268 4402 attigeris,
1281 4317 1474 4405 firmiterque
