3550 5467
545 741 586 800 88
800 757 937 803 ioannis
952 757 1229 803 strassenranus
1339 740 1421 821 [uu.
1438 759 1495 806 vn.

544 921 664 972 motum
687 911 782 986 luna,
805 909 845 972 de
867 911 961 973 variis
983 911 1111 973 latentis
1132 925 1255 975 naturae
1278 913 1430 976 secretis:
1453 913 1492 976 dc

541 1013 654 1075 officiis
675 1026 707 1076 et
730 1013 838 1095 figuris
858 1034 1038 1090 causarum,
1053 1034 1125 1098 quoe
1144 1014 1178 1076 in
1195 1017 1425 1094 contractibus,
1440 1029 1494 1080 aut

543 1114 636 1196 quasi
661 1115 888 1193 contractibus,
913 1115 1091 1192 maleficiis,
1116 1117 1288 1199 autquasi
1314 1117 1493 1195 maleficiis,

543 1226 598 1276 aut
621 1215 692 1277 aliis
717 1237 821 1279 rerum
844 1216 956 1279 formis
979 1216 1064 1279 varie
1088 1217 1241 1295 oriuntur,
1263 1217 1303 1280 dc
1326 1229 1441 1281 natura
1462 1230 1494 1281 et

542 1317 693 1398 operibus
707 1318 793 1400 ejus:
817 1317 857 1380 de
873 1318 1016 1395 veritate,
1031 1329 1063 1380 et
1081 1317 1193 1399 primis
1213 1339 1319 1381 rerum
1335 1319 1447 1397 initiis,
1459 1320 1491 1382 in

540 1417 658 1500 quibus
677 1420 851 1483 humanum
866 1420 1031 1499 ingenium
1046 1419 1166 1495 deficit,
1181 1441 1223 1482 an
1238 1422 1346 1502 angeli
1361 1421 1491 1485 omnino

540 1539 597 1581 sua
612 1541 678 1582 non
693 1520 843 1596 habeant,
858 1530 914 1583 aut
928 1521 1038 1604 qualia
1058 1521 1198 1585 habeant
1212 1542 1357 1604 corpora,
1373 1532 1406 1584 et
1420 1542 1491 1605 qum

541 1620 593 1703 pie
618 1632 802 1705 quaeruntur
826 1622 865 1684 de
891 1624 962 1706 ipso
986 1624 1069 1700 Deo,
1092 1623 1150 1706 qui
1175 1623 1273 1686 totius
1296 1634 1421 1688 naturae
1445 1644 1491 1687 ra-

539 1724 669 1787 tionalis
683 1725 813 1788 excedit
826 1725 1117 1806 investigationem,
1132 1734 1165 1786 et
1179 1745 1275 1808 super
1289 1726 1409 1803 omnia,
1419 1747 1491 1811 que

539 1835 646 1887 mente
666 1837 800 1908 possunt
819 1826 960 1910 concipi,
976 1827 1144 1888 exaltatur.
1189 1825 1326 1889 Possent
1348 1827 1382 1889 iu
1405 1827 1490 1890 hunc

539 1925 670 1989 modurn
687 1928 823 1988 enarrari
839 1946 934 2008 quam
950 1928 1096 2011 plurima,
1108 1949 1179 2010 quae
1195 1927 1241 1990 sic
1258 1926 1489 1991 dubitationem

539 2026 694 2108 sapientis
716 2026 898 2103 admittunt,
914 2039 950 2092 ut
971 2040 1077 2091 tamen
1099 2029 1257 2092 dubitatio
1274 2029 1347 2111 ipsa
1360 2029 1490 2110 vulgum

539 2136 718 2208 praetereat
759 2129 798 2190 In
814 2128 865 2191 bis
880 2129 988 2212 itaque
1003 2129 1097 2192 facile
1112 2128 1303 2192 crediderim
1318 2128 1487 2193 Academi·

538 2249 594 2291 cos
608 2238 699 2290 tanto
714 2229 892 2292 modestius
907 2230 1083 2303 dubitasse,
1096 2241 1215 2314 quanto
1231 2251 1287 2293 eos
1302 2231 1488 2295 temeritatis

535 2331 747 2414 praecipitium
778 2331 966 2411 diligentius
996 2333 1187 2415 praecavisse
1217 2333 1352 2414 reperio.
1397 2332 1488 2396 Adeo

537 2432 678 2518 quidem,
688 2444 725 2496 ut
739 2455 835 2517 quum
852 2434 939 2517 apud
955 2435 1128 2518 scriptores
1142 2435 1175 2496 iu
1190 2434 1272 2498 locis
1285 2455 1352 2497 non
1367 2435 1487 2518 passim

537 2535 656 2612 dubiis,
666 2537 762 2598 verba
773 2535 1012 2618 quodammodo
1024 2536 1183 2617 ambigua,
1195 2535 1302 2619 qualia
1317 2545 1393 2598 sunt
1407 2533 1487 2612 hoc,

535 2635 562 2697 si
586 2637 674 2713 sorte,
689 2635 833 2710 fortasse,
849 2647 882 2698 et
903 2636 1045 2712 forsitan,
1059 2635 1274 2719 proferuntur,
1289 2635 1486 2700 Academico

535 2737 683 2801 dicantur
705 2739 755 2801 usi
782 2749 1045 2820 temperamento,
1068 2759 1108 2800 eo
1132 2736 1220 2819 quod
1247 2740 1485 2821 temperatiores

532 2839 604 2902 aliis
618 2838 804 2903 Academici
822 2838 947 2915 suerint,
963 2835 1018 2922 qui
1034 2858 1158 2900 omnem
1175 2837 1263 2900 veriti
1287 2849 1363 2901 suut
1386 2851 1484 2903 teme·

532 2940 622 3003 rariae
638 2939 833 3003 definitionis
853 2939 959 3001 subire
974 2949 1094 3014 uotam,
1109 2950 1141 3000 et
1164 2938 1376 3022 precipitium
1401 2941 1484 3004 salsi-

531 3053 614 3104 tatis.

532 3292 612 3375 Cap.
630 3294 678 3352 12.
707 3291 799 3351 Unde
814 3291 897 3352 dicti
910 3291 975 3351 sint
993 3288 1194 3351 Academici:
1215 3290 1362 3374 calquis
1378 3291 1484 3366 timor,

574 3401 633 3455 out
644 3393 755 3473 porcio
769 3391 1080 3467 manaucandum
1095 3391 1135 3451 A.
1151 3388 1292 3452 Gelliam
1304 3398 1336 3452 ct
1351 3389 1484 3467 Stoicos,

574 3496 610 3554 in
625 3494 803 3571 sapientem
819 3492 930 3553 cadat.

575 3654 764 3714 Acnnsssscr
786 3650 916 3734 quidem
938 3651 1017 3715 dicti
1037 3653 1171 3714 suntab
1193 3650 1381 3729 Academia,
1396 3654 1481 3716 unde

529 3753 621 3817 Plato
647 3750 754 3813 extitit
777 3751 942 3827 oriundus,
965 3752 1020 3834 qui
1044 3751 1192 3814 eumdem
1215 3772 1281 3814 suae
1305 3753 1482 3817 nativitatis

528 3855 647 3927 locum,
667 3863 700 3914 et
722 3851 872 3914 studendi
896 3873 967 3929 usu,
984 3864 1016 3914 et
1038 3851 1268 3934 discipulorum
1294 3853 1481 3936 frequentia,

528 3954 773 4037 meritorumque
783 3974 911 4017 suorum
922 3954 1107 4016 celebritate
1119 3953 1195 4016 lecit
1204 3952 1372 4033 insignem.
1386 3955 1480 4018 lllum

529 4079 602 4122 vero
616 4058 722 4119 locum
738 4056 860 4118 caeteris
876 4055 1024 4139 praetulit,
1041 4075 1081 4117 eo
1097 4053 1185 4137 quod
1200 4054 1240 4116 ad
1256 4055 1479 4120 incutiendum

527 4163 770 4241 timoremque
798 4157 874 4219 vitia
899 4156 1152 4239 reprimerentur,
1175 4167 1207 4218 et
1234 4157 1343 4236 agnita
1369 4159 1479 4222 condi·

527 4265 614 4327 tione
644 4261 704 4338 sni,
733 4258 892 4321 modestia
929 4258 1055 4321 fidelius
1091 4270 1310 4335 reservaretur,
1339 4261 1478 4323 maxime

527 4365 613 4429 risus
627 4379 731 4428 estex
747 4361 906 4445 frequenti
922 4370 1111 4436 tcnoemotu,
1123 4380 1187 4441 quo
1202 4381 1289 4442 saepe
1306 4361 1479 4439 colliditur,
