<?xml version="1.0" encoding="UTF-8"?>
<!DOCTYPE html PUBLIC "-//W3C//DTD XHTML 1.0 Transitional//EN"
    "http://www.w3.org/TR/xhtml1/DTD/xhtml1-transitional.dtd">
<html xmlns="http://www.w3.org/1999/xhtml" xml:lang="en" lang="en">
 <head>
  <title>
</title>
<meta http-equiv="Content-Type" content="text/html;charset=utf-8" />
  <meta name='ocr-system' content='tesseract 3.04.00' />
  <meta name='ocr-capabilities' content='ocr_page ocr_carea ocr_par ocr_line ocrx_word'/>
</head>
<body>
  <div class='ocr_page' id='page_1' title='image "./joannissaresber17johngoog_0306.png"; bbox 0 0 3550 5467; ppageno 0'>
   <div class='ocr_carea' id='block_1_1' title="bbox 396 670 1335 755">
    <p class='ocr_par' dir='ltr' id='par_1_1' title="bbox 396 670 1335 755">
     <span class='ocr_line' id='line_1_1' title="bbox 396 670 1335 755; baseline 0.028 -34"><span class='ocrx_word' id='word_1_1' title='bbox 396 670 458 730; x_wconf 69' lang='lat'><strong>296</strong></span> <span class='ocrx_word' id='word_1_2' title='bbox 655 686 788 729; x_wconf 69' lang='lat' dir='ltr'><strong>Joaxxls</strong></span> <span class='ocrx_word' id='word_1_3' title='bbox 803 689 1086 737; x_wconf 74' lang='lat' dir='ltr'><strong>SARESBBRIENSIS</strong></span> <span class='ocrx_word' id='word_1_4' title='bbox 1174 681 1259 755; x_wconf 75' lang='lat' dir='ltr'><strong>[tin.</strong></span> <span class='ocrx_word' id='word_1_5' title='bbox 1273 702 1335 747; x_wconf 73' lang='lat' dir='ltr'><strong>l&#39;lll.</strong></span> 
     </span>
    </p>
   </div>
   <div class='ocr_carea' id='block_1_2' title="bbox 328 836 1337 4391">
    <p class='ocr_par' dir='ltr' id='par_1_2' title="bbox 328 836 1337 4391">
     <span class='ocr_line' id='line_1_2' title="bbox 396 836 1336 922; baseline 0.021 -23"><span class='ocrx_word' id='word_1_6' title='bbox 396 840 498 911; x_wconf 86' lang='lat' dir='ltr'>Quem</span> <span class='ocrx_word' id='word_1_7' title='bbox 514 837 597 900; x_wconf 88' lang='lat' dir='ltr'><strong>enim</strong></span> <span class='ocrx_word' id='word_1_8' title='bbox 618 839 766 922; x_wconf 89' lang='lat' dir='ltr'><strong>proprius</strong></span> <span class='ocrx_word' id='word_1_9' title='bbox 780 836 899 902; x_wconf 88' lang='lat' dir='ltr'><strong>attollit</strong></span> <span class='ocrx_word' id='word_1_10' title='bbox 918 838 1030 920; x_wconf 90' lang='lat' dir='ltr'><strong>honos,</strong></span> <span class='ocrx_word' id='word_1_11' title='bbox 1045 844 1154 911; x_wconf 87' lang='lat' dir='ltr'><strong>vilitas</strong></span> <span class='ocrx_word' id='word_1_12' title='bbox 1168 851 1269 916; x_wconf 89' lang='lat' dir='ltr'><strong>aliena</strong></span> <span class='ocrx_word' id='word_1_13' title='bbox 1282 876 1336 918; x_wconf 90' lang='lat' dir='ltr'><strong>uon</strong></span> 
     </span>
     <span class='ocr_line' id='line_1_3' title="bbox 393 936 1337 1021; baseline 0.023 -23"><span class='ocrx_word' id='word_1_14' title='bbox 393 936 551 1021; x_wconf 85' lang='lat' dir='ltr'><strong>deprimit.</strong></span> <span class='ocrx_word' id='word_1_15' title='bbox 590 938 834 1002; x_wconf 85' lang='lat' dir='ltr'><strong>Emendicatum</strong></span> <span class='ocrx_word' id='word_1_16' title='bbox 858 937 962 1003; x_wconf 92' lang='lat' dir='ltr'><strong>laudis</strong></span> <span class='ocrx_word' id='word_1_17' title='bbox 986 943 1210 1014; x_wconf 84' lang='lat' dir='ltr'><strong>videturesse</strong></span> <span class='ocrx_word' id='word_1_18' title='bbox 1235 955 1337 1019; x_wconf 82' lang='lat' dir='ltr'><strong>suffra-</strong></span> 
     </span>
     <span class='ocr_line' id='line_1_4' title="bbox 389 1035 1337 1127; baseline 0.025 -29"><span class='ocrx_word' id='word_1_19' title='bbox 389 1035 491 1121; x_wconf 85' lang='lat' dir='ltr'><strong>gium,</strong></span> <span class='ocrx_word' id='word_1_20' title='bbox 518 1037 606 1123; x_wconf 89' lang='lat' dir='ltr'><strong>quod</strong></span> <span class='ocrx_word' id='word_1_21' title='bbox 631 1037 673 1102; x_wconf 89' lang='lat' dir='ltr'><strong>ab</strong></span> <span class='ocrx_word' id='word_1_22' title='bbox 698 1039 881 1104; x_wconf 84' lang='lat' dir='ltr'>extrinsecis</span> <span class='ocrx_word' id='word_1_23' title='bbox 905 1042 1033 1127; x_wconf 83' lang='lat' dir='ltr'><strong>pendet.</strong></span> <span class='ocrx_word' id='word_1_24' title='bbox 1076 1047 1228 1117; x_wconf 78' lang='lat' dir='ltr'><strong>Profecto</strong></span> <span class='ocrx_word' id='word_1_25' title='bbox 1252 1058 1337 1122; x_wconf 82' lang='lat' dir='ltr'><strong>unius</strong></span> 
     </span>
     <span class='ocr_line' id='line_1_5' title="bbox 389 1139 1334 1243; baseline 0.023 -41"><span class='ocrx_word' id='word_1_26' title='bbox 389 1139 524 1223; x_wconf 69' lang='lat' dir='ltr'><strong>egregiae</strong></span> <span class='ocrx_word' id='word_1_27' title='bbox 539 1139 667 1205; x_wconf 82' lang='lat' dir='ltr'><strong>virtutis</strong></span> <span class='ocrx_word' id='word_1_28' title='bbox 686 1139 781 1204; x_wconf 83' lang='lat' dir='ltr'><strong>titulo</strong></span> <span class='ocrx_word' id='word_1_29' title='bbox 795 1141 933 1227; x_wconf 86' lang='lat' dir='ltr'><strong>quisque</strong></span> <span class='ocrx_word' id='word_1_30' title='bbox 956 1146 1058 1230; x_wconf 86' lang='lat' dir='ltr'><strong>magis</strong></span> <span class='ocrx_word' id='word_1_31' title='bbox 1071 1148 1232 1230; x_wconf 77' lang='lat' dir='ltr'><strong>clarescit,</strong></span> <span class='ocrx_word' id='word_1_32' title='bbox 1246 1181 1334 1243; x_wconf 83' lang='lat' dir='ltr'><strong>quarn</strong></span> 
     </span>
     <span class='ocr_line' id='line_1_6' title="bbox 387 1239 1334 1327; baseline 0.026 -25"><span class='ocrx_word' id='word_1_33' title='bbox 387 1239 641 1325; x_wconf 84' lang='lat' dir='ltr'><strong>splendidissimo</strong></span> <span class='ocrx_word' id='word_1_34' title='bbox 654 1242 789 1308; x_wconf 88' lang='lat' dir='ltr'><strong>luxuriae</strong></span> <span class='ocrx_word' id='word_1_35' title='bbox 804 1243 1028 1327; x_wconf 88' lang='lat' dir='ltr'><strong>instrumento,</strong></span> <span class='ocrx_word' id='word_1_36' title='bbox 1039 1267 1073 1314; x_wconf 94' lang='lat' dir='ltr'><strong>et</strong></span> <span class='ocrx_word' id='word_1_37' title='bbox 1088 1254 1177 1318; x_wconf 90' lang='lat' dir='ltr'><strong>omni</strong></span> <span class='ocrx_word' id='word_1_38' title='bbox 1190 1256 1334 1327; x_wconf 89' lang='lat' dir='ltr'><strong>lenocinio</strong></span> 
     </span>
     <span class='ocr_line' id='line_1_7' title="bbox 386 1343 1335 1446; baseline 0.03 -44"><span class='ocrx_word' id='word_1_39' title='bbox 386 1343 545 1408; x_wconf 83' lang='lat' dir='ltr'><strong>vanitatis.</strong></span> <span class='ocrx_word' id='word_1_40' title='bbox 569 1346 675 1422; x_wconf 86' lang='lat' dir='ltr'><strong>Quum</strong></span> <span class='ocrx_word' id='word_1_41' title='bbox 688 1367 763 1429; x_wconf 83' lang='lat' dir='ltr'><strong>ergo</strong></span> <span class='ocrx_word' id='word_1_42' title='bbox 777 1345 877 1409; x_wconf 88' lang='lat' dir='ltr'><strong>virtus</strong></span> <span class='ocrx_word' id='word_1_43' title='bbox 887 1348 989 1413; x_wconf 89' lang='lat' dir='ltr'><strong>omnis</strong></span> <span class='ocrx_word' id='word_1_44' title='bbox 999 1373 1019 1413; x_wconf 91' lang='lat' dir='ltr'><strong>a</strong></span> <span class='ocrx_word' id='word_1_45' title='bbox 1028 1374 1062 1415; x_wconf 88' lang='lat' dir='ltr'><strong>se</strong></span> <span class='ocrx_word' id='word_1_46' title='bbox 1074 1354 1335 1446; x_wconf 85' lang='lat' dir='ltr'><strong>polleat,justitia</strong></span> 
     </span>
     <span class='ocr_line' id='line_1_8' title="bbox 385 1443 1331 1532; baseline 0.027 -26"><span class='ocrx_word' id='word_1_47' title='bbox 385 1443 501 1509; x_wconf 86' lang='lat' dir='ltr'><strong>clarius</strong></span> <span class='ocrx_word' id='word_1_48' title='bbox 515 1447 671 1511; x_wconf 85' lang='lat' dir='ltr'><strong>enitescit.</strong></span> <span class='ocrx_word' id='word_1_49' title='bbox 716 1450 824 1532; x_wconf 89' lang='lat' dir='ltr'><strong>Hujus</strong></span> <span class='ocrx_word' id='word_1_50' title='bbox 842 1448 886 1512; x_wconf 86' lang='lat' dir='ltr'><strong>rei</strong></span> <span class='ocrx_word' id='word_1_51' title='bbox 903 1449 1138 1520; x_wconf 88' lang='lat' dir='ltr'><strong>Themistocles</strong></span> <span class='ocrx_word' id='word_1_52' title='bbox 1159 1463 1331 1531; x_wconf 86' lang='lat' dir='ltr'><strong>testimonio</strong></span> 
     </span>
     <span class='ocr_line' id='line_1_9' title="bbox 383 1550 1331 1636; baseline 0.023 -26"><span class='ocrx_word' id='word_1_53' title='bbox 383 1557 439 1622; x_wconf 78' lang='lat' dir='ltr'><strong>cst,</strong></span> <span class='ocrx_word' id='word_1_54' title='bbox 452 1565 485 1612; x_wconf 91' lang='lat' dir='ltr'><strong>et</strong></span> <span class='ocrx_word' id='word_1_55' title='bbox 499 1550 654 1636; x_wconf 85' lang='lat' dir='ltr'><strong>exemplo.</strong></span> <span class='ocrx_word' id='word_1_56' title='bbox 680 1550 741 1628; x_wconf 85' lang='lat' dir='ltr'><strong>Qui</strong></span> <span class='ocrx_word' id='word_1_57' title='bbox 757 1573 856 1636; x_wconf 91' lang='lat' dir='ltr'><strong>quum</strong></span> <span class='ocrx_word' id='word_1_58' title='bbox 869 1550 1079 1621; x_wconf 87' lang='lat' dir='ltr'><strong>saluberrimo</strong></span> <span class='ocrx_word' id='word_1_59' title='bbox 1094 1562 1229 1628; x_wconf 90' lang='lat' dir='ltr'><strong>consilio</strong></span> <span class='ocrx_word' id='word_1_60' title='bbox 1237 1568 1331 1632; x_wconf 87' lang='lat' dir='ltr'><strong>Athe·</strong></span> 
     </span>
     <span class='ocr_line' id='line_1_10' title="bbox 382 1650 1327 1757; baseline 0.026 -46"><span class='ocrx_word' id='word_1_61' title='bbox 382 1650 504 1716; x_wconf 91' lang='lat' dir='ltr'><strong>nienses</strong></span> <span class='ocrx_word' id='word_1_62' title='bbox 518 1653 549 1716; x_wconf 90' lang='lat' dir='ltr'><strong>in</strong></span> <span class='ocrx_word' id='word_1_63' title='bbox 573 1656 702 1718; x_wconf 83' lang='lat' dir='ltr'><strong>classem</strong></span> <span class='ocrx_word' id='word_1_64' title='bbox 721 1653 854 1737; x_wconf 81' lang='lat' dir='ltr'><strong>migrare</strong></span> <span class='ocrx_word' id='word_1_65' title='bbox 875 1657 1041 1741; x_wconf 85' lang='lat' dir='ltr'><strong>coegisset,</strong></span> <span class='ocrx_word' id='word_1_66' title='bbox 1057 1664 1235 1752; x_wconf 83' lang='lat' dir='ltr'><strong>Xerxeque</strong></span> <span class='ocrx_word' id='word_1_67' title='bbox 1250 1692 1327 1757; x_wconf 88' lang='lat' dir='ltr'><strong>rege,</strong></span> 
     </span>
     <span class='ocr_line' id='line_1_11' title="bbox 380 1754 1326 1847; baseline 0.025 -31"><span class='ocrx_word' id='word_1_68' title='bbox 380 1764 412 1816; x_wconf 86' lang='lat' dir='ltr'><strong>et</strong></span> <span class='ocrx_word' id='word_1_69' title='bbox 427 1754 526 1840; x_wconf 89' lang='lat' dir='ltr'><strong>copiis</strong></span> <span class='ocrx_word' id='word_1_70' title='bbox 545 1756 616 1840; x_wconf 84' lang='lat' dir='ltr'><strong>ejus</strong></span> <span class='ocrx_word' id='word_1_71' title='bbox 631 1756 757 1821; x_wconf 84' lang='lat' dir='ltr'><strong>Graecia</strong></span> <span class='ocrx_word' id='word_1_72' title='bbox 778 1755 888 1843; x_wconf 90' lang='lat' dir='ltr'><strong>pulsis,</strong></span> <span class='ocrx_word' id='word_1_73' title='bbox 905 1759 1013 1823; x_wconf 87' lang='lat' dir='ltr'><strong>ruinas</strong></span> <span class='ocrx_word' id='word_1_74' title='bbox 1034 1768 1148 1847; x_wconf 76' lang='lat' dir='ltr'><strong>patriae</strong></span> <span class='ocrx_word' id='word_1_75' title='bbox 1164 1768 1198 1832; x_wconf 89' lang='lat' dir='ltr'><strong>in</strong></span> <span class='ocrx_word' id='word_1_76' title='bbox 1213 1785 1326 1839; x_wconf 90' lang='lat' dir='ltr'><strong>statum</strong></span> 
     </span>
     <span class='ocr_line' id='line_1_12' title="bbox 377 1855 1326 1945; baseline 0.025 -27"><span class='ocrx_word' id='word_1_77' title='bbox 377 1855 545 1939; x_wconf 88' lang='lat' dir='ltr'><strong>pristinum</strong></span> <span class='ocrx_word' id='word_1_78' title='bbox 570 1857 764 1938; x_wconf 87' lang='lat' dir='ltr'><strong>reformaret,</strong></span> <span class='ocrx_word' id='word_1_79' title='bbox 785 1871 817 1923; x_wconf 90' lang='lat' dir='ltr'><strong>et</strong></span> <span class='ocrx_word' id='word_1_80' title='bbox 838 1881 914 1945; x_wconf 88' lang='lat' dir='ltr'><strong>opes</strong></span> <span class='ocrx_word' id='word_1_81' title='bbox 934 1860 1140 1931; x_wconf 86' lang='lat' dir='ltr'><strong>clandestinis</strong></span> <span class='ocrx_word' id='word_1_82' title='bbox 1161 1874 1326 1942; x_wconf 87' lang='lat' dir='ltr'><strong>molitioni·</strong></span> 
     </span>
     <span class='ocr_line' id='line_1_13' title="bbox 377 1955 1325 2060; baseline 0.027 -42"><span class='ocrx_word' id='word_1_83' title='bbox 377 1955 438 2019; x_wconf 87' lang='lat' dir='ltr'><strong>bus</strong></span> <span class='ocrx_word' id='word_1_84' title='bbox 461 1958 502 2021; x_wconf 88' lang='lat' dir='ltr'><strong>ad</strong></span> <span class='ocrx_word' id='word_1_85' title='bbox 529 1959 741 2045; x_wconf 84' lang='lat' dir='ltr'><strong>principatum</strong></span> <span class='ocrx_word' id='word_1_86' title='bbox 765 1961 900 2025; x_wconf 82' lang='lat' dir='ltr'><strong>Graeciae</strong></span> <span class='ocrx_word' id='word_1_87' title='bbox 924 1968 1155 2050; x_wconf 90' lang='lat' dir='ltr'><strong>capessendum</strong></span> <span class='ocrx_word' id='word_1_88' title='bbox 1182 1976 1325 2060; x_wconf 87' lang='lat' dir='ltr'><strong>nutriret,</strong></span> 
     </span>
     <span class='ocr_line' id='line_1_14' title="bbox 374 2057 1325 2145; baseline 0.026 -25"><span class='ocrx_word' id='word_1_89' title='bbox 374 2057 457 2122; x_wconf 87' lang='lat' dir='ltr'><strong>dixit</strong></span> <span class='ocrx_word' id='word_1_90' title='bbox 488 2060 520 2124; x_wconf 92' lang='lat' dir='ltr'><strong>iu</strong></span> <span class='ocrx_word' id='word_1_91' title='bbox 546 2063 695 2126; x_wconf 89' lang='lat' dir='ltr'><strong>concione</strong></span> <span class='ocrx_word' id='word_1_92' title='bbox 726 2086 758 2126; x_wconf 90' lang='lat' dir='ltr'><strong>se</strong></span> <span class='ocrx_word' id='word_1_93' title='bbox 785 2062 899 2127; x_wconf 88' lang='lat' dir='ltr'><strong>habere</strong></span> <span class='ocrx_word' id='word_1_94' title='bbox 923 2087 990 2128; x_wconf 89' lang='lat' dir='ltr'><strong>rem</strong></span> <span class='ocrx_word' id='word_1_95' title='bbox 1016 2067 1245 2141; x_wconf 85' lang='lat' dir='ltr'><strong>deliberatione</strong></span> <span class='ocrx_word' id='word_1_96' title='bbox 1271 2104 1325 2145; x_wconf 86' lang='lat' dir='ltr'><strong>sua</strong></span> 
     </span>
     <span class='ocr_line' id='line_1_15' title="bbox 373 2160 1321 2264; baseline 0.028 -43"><span class='ocrx_word' id='word_1_97' title='bbox 373 2160 541 2244; x_wconf 87' lang='lat' dir='ltr'><strong>provisam,</strong></span> <span class='ocrx_word' id='word_1_98' title='bbox 558 2185 632 2247; x_wconf 86' lang='lat' dir='ltr'><strong>quae</strong></span> <span class='ocrx_word' id='word_1_99' title='bbox 653 2164 677 2226; x_wconf 90' lang='lat' dir='ltr'><strong>si</strong></span> <span class='ocrx_word' id='word_1_100' title='bbox 694 2162 863 2231; x_wconf 88' lang='lat' dir='ltr'><strong>sortiretur</strong></span> <span class='ocrx_word' id='word_1_101' title='bbox 881 2166 1040 2250; x_wconf 86' lang='lat' dir='ltr'><strong>effectum,</strong></span> <span class='ocrx_word' id='word_1_102' title='bbox 1053 2172 1134 2237; x_wconf 90' lang='lat' dir='ltr'><strong>nihil</strong></span> <span class='ocrx_word' id='word_1_103' title='bbox 1151 2179 1252 2264; x_wconf 87' lang='lat' dir='ltr'><strong>majus</strong></span> <span class='ocrx_word' id='word_1_104' title='bbox 1266 2199 1321 2248; x_wconf 79' lang='lat' dir='ltr'><strong>sut</strong></span> 
     </span>
     <span class='ocr_line' id='line_1_16' title="bbox 368 2261 1316 2355; baseline 0.028 -31"><span class='ocrx_word' id='word_1_105' title='bbox 368 2261 475 2345; x_wconf 88' lang='lat' dir='ltr'><strong>potius</strong></span> <span class='ocrx_word' id='word_1_106' title='bbox 497 2266 617 2349; x_wconf 89' lang='lat' dir='ltr'><strong>populo</strong></span> <span class='ocrx_word' id='word_1_107' title='bbox 640 2263 824 2330; x_wconf 81' lang='lat' dir='ltr'><strong>Atheniensi</strong></span> <span class='ocrx_word' id='word_1_108' title='bbox 847 2267 993 2333; x_wconf 88' lang='lat' dir='ltr'><strong>futurum</strong></span> <span class='ocrx_word' id='word_1_109' title='bbox 1009 2277 1157 2355; x_wconf 86' lang='lat' dir='ltr'><strong>asseruit,</strong></span> <span class='ocrx_word' id='word_1_110' title='bbox 1181 2282 1316 2350; x_wconf 84' lang='lat' dir='ltr'><strong>sedeam</strong></span> 
     </span>
     <span class='ocr_line' id='line_1_17' title="bbox 366 2361 1315 2466; baseline 0.026 -39"><span class='ocrx_word' id='word_1_111' title='bbox 366 2361 491 2446; x_wconf 84' lang='lat' dir='ltr'><strong>vulgari</strong></span> <span class='ocrx_word' id='word_1_112' title='bbox 514 2386 575 2426; x_wconf 91' lang='lat' dir='ltr'><strong>uon</strong></span> <span class='ocrx_word' id='word_1_113' title='bbox 605 2379 762 2450; x_wconf 89' lang='lat' dir='ltr'><strong>oportere,</strong></span> <span class='ocrx_word' id='word_1_114' title='bbox 791 2370 957 2453; x_wconf 88' lang='lat' dir='ltr'><strong>postulans</strong></span> <span class='ocrx_word' id='word_1_115' title='bbox 982 2372 1122 2461; x_wconf 88' lang='lat' dir='ltr'><strong>aliquem</strong></span> <span class='ocrx_word' id='word_1_116' title='bbox 1153 2381 1237 2466; x_wconf 88' lang='lat' dir='ltr'><strong>dari,</strong></span> <span class='ocrx_word' id='word_1_117' title='bbox 1264 2388 1315 2452; x_wconf 90' lang='lat' dir='ltr'><strong>cui</strong></span> 
     </span>
     <span class='ocr_line' id='line_1_18' title="bbox 367 2463 1315 2568; baseline 0.027 -41"><span class='ocrx_word' id='word_1_118' title='bbox 367 2463 461 2528; x_wconf 88' lang='lat' dir='ltr'><strong>tacite</strong></span> <span class='ocrx_word' id='word_1_119' title='bbox 475 2478 697 2549; x_wconf 85' lang='lat' dir='ltr'><strong>exponeretur.</strong></span> <span class='ocrx_word' id='word_1_120' title='bbox 738 2467 786 2532; x_wconf 76' lang='lat' dir='ltr'><strong>,Ei</strong></span> <span class='ocrx_word' id='word_1_121' title='bbox 801 2491 876 2554; x_wconf 85' lang='lat' dir='ltr'><strong>ergo</strong></span> <span class='ocrx_word' id='word_1_122' title='bbox 897 2471 990 2535; x_wconf 87' lang='lat' dir='ltr'><strong>datus</strong></span> <span class='ocrx_word' id='word_1_123' title='bbox 1005 2489 1052 2540; x_wconf 87' lang='lat' dir='ltr'><strong>est</strong></span> <span class='ocrx_word' id='word_1_124' title='bbox 1070 2479 1243 2568; x_wconf 83' lang='lat' dir='ltr'><strong>Aristides,</strong></span> <span class='ocrx_word' id='word_1_125' title='bbox 1257 2489 1315 2566; x_wconf 81' lang='lat' dir='ltr'><strong>vel,</strong></span> 
     </span>
     <span class='ocr_line' id='line_1_19' title="bbox 366 2566 1313 2661; baseline 0.027 -32"><span class='ocrx_word' id='word_1_126' title='bbox 366 2578 401 2631; x_wconf 88' lang='lat' dir='ltr'><strong>ut</strong></span> <span class='ocrx_word' id='word_1_127' title='bbox 417 2566 486 2630; x_wconf 89' lang='lat' dir='ltr'><strong>aliis</strong></span> <span class='ocrx_word' id='word_1_128' title='bbox 502 2566 615 2652; x_wconf 89' lang='lat' dir='ltr'><strong>placet,</strong></span> <span class='ocrx_word' id='word_1_129' title='bbox 639 2567 838 2647; x_wconf 82' lang='lat' dir='ltr'><strong>Aristoteles¹</strong></span> <span class='ocrx_word' id='word_1_130' title='bbox 859 2575 918 2635; x_wconf 86' lang='lat' dir='ltr'><strong>etsi</strong></span> <span class='ocrx_word' id='word_1_131' title='bbox 941 2590 1117 2661; x_wconf 89' lang='lat' dir='ltr'><strong>supputata</strong></span> <span class='ocrx_word' id='word_1_132' title='bbox 1138 2586 1223 2650; x_wconf 90' lang='lat' dir='ltr'><strong>ratio</strong></span> <span class='ocrx_word' id='word_1_133' title='bbox 1238 2602 1313 2654; x_wconf 89' lang='lat' dir='ltr'><strong>tem-</strong></span> 
     </span>
     <span class='ocr_line' id='line_1_20' title="bbox 362 2666 1310 2756; baseline 0.026 -25"><span class='ocrx_word' id='word_1_134' title='bbox 362 2669 449 2756; x_wconf 87' lang='lat' dir='ltr'><strong>poris</strong></span> <span class='ocrx_word' id='word_1_135' title='bbox 478 2666 595 2732; x_wconf 89' lang='lat' dir='ltr'><strong>indicet</strong></span> <span class='ocrx_word' id='word_1_136' title='bbox 623 2668 878 2748; x_wconf 83' lang='lat' dir='ltr'><strong>Themistoclem,</strong></span> <span class='ocrx_word' id='word_1_137' title='bbox 909 2687 939 2737; x_wconf 88' lang='lat' dir='ltr'><strong>et</strong></span> <span class='ocrx_word' id='word_1_138' title='bbox 963 2679 1168 2747; x_wconf 83' lang='lat' dir='ltr'><strong>Aristotelem</strong></span> <span class='ocrx_word' id='word_1_139' title='bbox 1190 2710 1310 2756; x_wconf 81' lang='lat' dir='ltr'><strong>coaerus</strong></span> 
     </span>
     <span class='ocr_line' id='line_1_21' title="bbox 361 2770 1309 2864; baseline 0.026 -29"><span class='ocrx_word' id='word_1_140' title='bbox 361 2794 422 2835; x_wconf 93' lang='lat' dir='ltr'><strong>nou</strong></span> <span class='ocrx_word' id='word_1_141' title='bbox 439 2770 545 2836; x_wconf 85' lang='lat' dir='ltr'><strong>fnisse.</strong></span> <span class='ocrx_word' id='word_1_142' title='bbox 594 2773 627 2834; x_wconf 90' lang='lat' dir='ltr'><strong>Is</strong></span> <span class='ocrx_word' id='word_1_143' title='bbox 649 2784 754 2836; x_wconf 84' lang='lat' dir='ltr'><strong>autem</strong></span> <span class='ocrx_word' id='word_1_144' title='bbox 778 2785 945 2859; x_wconf 89' lang='lat' dir='ltr'><strong>postquam</strong></span> <span class='ocrx_word' id='word_1_145' title='bbox 966 2781 1117 2864; x_wconf 85' lang='lat' dir='ltr'><strong>cognovit</strong></span> <span class='ocrx_word' id='word_1_146' title='bbox 1136 2811 1211 2853; x_wconf 92' lang='lat' dir='ltr'><strong>eum</strong></span> <span class='ocrx_word' id='word_1_147' title='bbox 1232 2794 1309 2860; x_wconf 81' lang='lat' dir='ltr'><strong>velle</strong></span> 
     </span>
     <span class='ocr_line' id='line_1_22' title="bbox 359 2872 1307 2970; baseline 0.026 -33"><span class='ocrx_word' id='word_1_148' title='bbox 359 2872 529 2938; x_wconf 88' lang='lat' dir='ltr'><strong>incendere</strong></span> <span class='ocrx_word' id='word_1_149' title='bbox 549 2873 678 2937; x_wconf 84' lang='lat' dir='ltr'><strong>clnssem</strong></span> <span class='ocrx_word' id='word_1_150' title='bbox 703 2874 1028 2958; x_wconf 64' lang='lat' dir='ltr'><strong>Lacedaemoniorum,</strong></span> <span class='ocrx_word' id='word_1_151' title='bbox 1051 2907 1126 2970; x_wconf 88' lang='lat' dir='ltr'><strong>quae</strong></span> <span class='ocrx_word' id='word_1_152' title='bbox 1152 2892 1307 2962; x_wconf 86' lang='lat' dir='ltr'><strong>subducta</strong></span> 
     </span>
     <span class='ocr_line' id='line_1_23' title="bbox 358 2974 1306 3067; baseline 0.026 -28"><span class='ocrx_word' id='word_1_153' title='bbox 358 2989 425 3040; x_wconf 90' lang='lat' dir='ltr'><strong>erat</strong></span> <span class='ocrx_word' id='word_1_154' title='bbox 440 2975 528 3062; x_wconf 89' lang='lat' dir='ltr'><strong>apud</strong></span> <span class='ocrx_word' id='word_1_155' title='bbox 541 2974 719 3061; x_wconf 82' lang='lat' dir='ltr'><strong>Gytheum,</strong></span> <span class='ocrx_word' id='word_1_156' title='bbox 736 2989 771 3040; x_wconf 91' lang='lat' dir='ltr'><strong>ut</strong></span> <span class='ocrx_word' id='word_1_157' title='bbox 783 2999 819 3040; x_wconf 86' lang='lat' dir='ltr'><strong>ea</strong></span> <span class='ocrx_word' id='word_1_158' title='bbox 828 2995 1016 3067; x_wconf 86' lang='lat' dir='ltr'><strong>consumpta</strong></span> <span class='ocrx_word' id='word_1_159' title='bbox 1027 2983 1205 3057; x_wconf 84' lang='lat' dir='ltr'><strong>dominatio</strong></span> <span class='ocrx_word' id='word_1_160' title='bbox 1215 2999 1306 3063; x_wconf 87' lang='lat' dir='ltr'><strong>maris</strong></span> 
     </span>
     <span class='ocr_line' id='line_1_24' title="bbox 357 3077 1306 3164; baseline 0.023 -21"><span class='ocrx_word' id='word_1_161' title='bbox 357 3078 434 3164; x_wconf 90' lang='lat' dir='ltr'><strong>ipsis</strong></span> <span class='ocrx_word' id='word_1_162' title='bbox 448 3077 585 3154; x_wconf 87' lang='lat' dir='ltr'><strong>cederet,</strong></span> <span class='ocrx_word' id='word_1_163' title='bbox 605 3079 755 3164; x_wconf 86' lang='lat' dir='ltr'><strong>processit</strong></span> <span class='ocrx_word' id='word_1_164' title='bbox 774 3079 814 3143; x_wconf 90' lang='lat' dir='ltr'><strong>ad</strong></span> <span class='ocrx_word' id='word_1_165' title='bbox 837 3081 933 3158; x_wconf 83' lang='lat' dir='ltr'><strong>cives,</strong></span> <span class='ocrx_word' id='word_1_166' title='bbox 948 3096 978 3147; x_wconf 88' lang='lat' dir='ltr'><strong>ct</strong></span> <span class='ocrx_word' id='word_1_167' title='bbox 998 3087 1110 3155; x_wconf 88' lang='lat' dir='ltr'><strong>retulit</strong></span> <span class='ocrx_word' id='word_1_168' title='bbox 1127 3094 1306 3164; x_wconf 76' lang='lat' dir='ltr'><strong>Themisto</strong></span> 
     </span>
     <span class='ocr_line' id='line_1_25' title="bbox 355 3177 1303 3272; baseline 0.021 -31"><span class='ocrx_word' id='word_1_169' title='bbox 355 3179 433 3244; x_wconf 90' lang='lat' dir='ltr'><strong>clem</strong></span> <span class='ocrx_word' id='word_1_170' title='bbox 459 3193 494 3242; x_wconf 91' lang='lat' dir='ltr'><strong>ut</strong></span> <span class='ocrx_word' id='word_1_171' title='bbox 519 3177 596 3242; x_wconf 90' lang='lat' dir='ltr'><strong>utile</strong></span> <span class='ocrx_word' id='word_1_172' title='bbox 626 3179 804 3257; x_wconf 89' lang='lat' dir='ltr'><strong>consilium,</strong></span> <span class='ocrx_word' id='word_1_173' title='bbox 827 3180 872 3244; x_wconf 92' lang='lat' dir='ltr'><strong>ita</strong></span> <span class='ocrx_word' id='word_1_174' title='bbox 901 3183 1029 3249; x_wconf 88' lang='lat' dir='ltr'><strong>minime</strong></span> <span class='ocrx_word' id='word_1_175' title='bbox 1046 3189 1173 3272; x_wconf 88' lang='lat' dir='ltr'><strong>justum</strong></span> <span class='ocrx_word' id='word_1_176' title='bbox 1201 3197 1303 3263; x_wconf 84' lang='lat' dir='ltr'><strong>animo</strong></span> 
     </span>
     <span class='ocr_line' id='line_1_26' title="bbox 353 3278 1300 3382; baseline 0.022 -40"><span class='ocrx_word' id='word_1_177' title='bbox 353 3278 489 3345; x_wconf 83' lang='lat' dir='ltr'><strong>volvere.</strong></span> <span class='ocrx_word' id='word_1_178' title='bbox 536 3283 565 3343; x_wconf 92' lang='lat' dir='ltr'>E</span> <span class='ocrx_word' id='word_1_179' title='bbox 583 3278 717 3363; x_wconf 83' lang='lat' dir='ltr'><strong>vestigio</strong></span> <span class='ocrx_word' id='word_1_180' title='bbox 733 3281 876 3346; x_wconf 81' lang='lat' dir='ltr'><strong>universa</strong></span> <span class='ocrx_word' id='word_1_181' title='bbox 892 3285 1001 3348; x_wconf 88' lang='lat' dir='ltr'><strong>concio</strong></span> <span class='ocrx_word' id='word_1_182' title='bbox 1016 3285 1144 3366; x_wconf 90' lang='lat' dir='ltr'><strong>clamat,</strong></span> <span class='ocrx_word' id='word_1_183' title='bbox 1167 3293 1200 3357; x_wconf 92' lang='lat' dir='ltr'><strong>id</strong></span> <span class='ocrx_word' id='word_1_184' title='bbox 1216 3298 1300 3382; x_wconf 89' lang='lat' dir='ltr'><strong>quod</strong></span> 
     </span>
     <span class='ocr_line' id='line_1_27' title="bbox 345 3381 1297 3479; baseline 0.018 -34"><span class='ocrx_word' id='word_1_185' title='bbox 345 3383 469 3468; x_wconf 87' lang='lat' dir='ltr'><strong>justum</strong></span> <span class='ocrx_word' id='word_1_186' title='bbox 485 3403 547 3444; x_wconf 90' lang='lat' dir='ltr'><strong>nou</strong></span> <span class='ocrx_word' id='word_1_187' title='bbox 570 3394 628 3456; x_wconf 89' lang='lat' dir='ltr'><strong>est,</strong></span> <span class='ocrx_word' id='word_1_188' title='bbox 650 3381 777 3447; x_wconf 91' lang='lat' dir='ltr'><strong>minime</strong></span> <span class='ocrx_word' id='word_1_189' title='bbox 796 3383 954 3470; x_wconf 83' lang='lat' dir='ltr'><strong>expedire,</strong></span> <span class='ocrx_word' id='word_1_190' title='bbox 976 3411 1112 3477; x_wconf 90' lang='lat' dir='ltr'><strong>eumque</strong></span> <span class='ocrx_word' id='word_1_191' title='bbox 1128 3394 1231 3479; x_wconf 87' lang='lat' dir='ltr'><strong>jussit</strong></span> <span class='ocrx_word' id='word_1_192' title='bbox 1247 3401 1297 3464; x_wconf 88' lang='lat' dir='ltr'><strong>de·</strong></span> 
     </span>
     <span class='ocr_line' id='line_1_28' title="bbox 348 3481 1298 3571; baseline 0.021 -26"><span class='ocrx_word' id='word_1_193' title='bbox 348 3481 457 3546; x_wconf 88' lang='lat' dir='ltr'><strong>sistere</strong></span> <span class='ocrx_word' id='word_1_194' title='bbox 478 3482 519 3544; x_wconf 89' lang='lat' dir='ltr'><strong>ab</strong></span> <span class='ocrx_word' id='word_1_195' title='bbox 542 3482 679 3567; x_wconf 88' lang='lat' dir='ltr'><strong>incepto.</strong></span> <span class='ocrx_word' id='word_1_196' title='bbox 724 3484 777 3549; x_wconf 89' lang='lat' dir='ltr'><strong>Sic</strong></span> <span class='ocrx_word' id='word_1_197' title='bbox 799 3508 876 3571; x_wconf 88' lang='lat' dir='ltr'><strong>ergo</strong></span> <span class='ocrx_word' id='word_1_198' title='bbox 898 3485 1004 3552; x_wconf 87' lang='lat' dir='ltr'><strong>edictu</strong></span> <span class='ocrx_word' id='word_1_199' title='bbox 1026 3490 1146 3557; x_wconf 88' lang='lat' dir='ltr'><strong>civium</strong></span> <span class='ocrx_word' id='word_1_200' title='bbox 1161 3498 1298 3564; x_wconf 85' lang='lat' dir='ltr'><strong>antelata</strong></span> 
     </span>
     <span class='ocr_line' id='line_1_29' title="bbox 346 3581 1293 3677; baseline 0.02 -33"><span class='ocrx_word' id='word_1_201' title='bbox 346 3581 527 3665; x_wconf 87' lang='lat' dir='ltr'><strong>estjustitia</strong></span> <span class='ocrx_word' id='word_1_202' title='bbox 539 3584 729 3666; x_wconf 86' lang='lat' dir='ltr'><strong>prudentiae,</strong></span> <span class='ocrx_word' id='word_1_203' title='bbox 740 3586 806 3652; x_wconf 93' lang='lat' dir='ltr'><strong>imo</strong></span> <span class='ocrx_word' id='word_1_204' title='bbox 817 3603 847 3652; x_wconf 86' lang='lat' dir='ltr'><strong>et</strong></span> <span class='ocrx_word' id='word_1_205' title='bbox 861 3611 923 3653; x_wconf 93' lang='lat' dir='ltr'><strong>non</strong></span> <span class='ocrx_word' id='word_1_206' title='bbox 935 3613 1001 3654; x_wconf 91' lang='lat' dir='ltr'><strong>esse</strong></span> <span class='ocrx_word' id='word_1_207' title='bbox 1014 3593 1230 3677; x_wconf 84' lang='lat' dir='ltr'><strong>prudentiam,</strong></span> <span class='ocrx_word' id='word_1_208' title='bbox 1242 3601 1293 3666; x_wconf 86' lang='lat' dir='ltr'><strong>sed</strong></span> 
     </span>
     <span class='ocr_line' id='line_1_30' title="bbox 343 3681 1292 3782; baseline 0.023 -38"><span class='ocrx_word' id='word_1_209' title='bbox 343 3681 451 3768; x_wconf 90' lang='lat' dir='ltr'><strong>potius</strong></span> <span class='ocrx_word' id='word_1_210' title='bbox 466 3681 685 3758; x_wconf 85' lang='lat' dir='ltr'><strong>calliditatem,</strong></span> <span class='ocrx_word' id='word_1_211' title='bbox 700 3687 750 3750; x_wconf 90' lang='lat' dir='ltr'><strong>cui</strong></span> <span class='ocrx_word' id='word_1_212' title='bbox 762 3689 890 3773; x_wconf 88' lang='lat' dir='ltr'><strong>justitia</strong></span> <span class='ocrx_word' id='word_1_213' title='bbox 905 3690 1102 3761; x_wconf 84' lang='lat' dir='ltr'><strong>adversatur.</strong></span> <span class='ocrx_word' id='word_1_214' title='bbox 1127 3698 1292 3782; x_wconf 88' lang='lat' dir='ltr'><strong>Zaleucus,</strong></span> 
     </span>
     <span class='ocr_line' id='line_1_31' title="bbox 341 3782 1291 3879; baseline 0.023 -34"><span class='ocrx_word' id='word_1_215' title='bbox 341 3782 420 3846; x_wconf 92' lang='lat' dir='ltr'><strong>urbe</strong></span> <span class='ocrx_word' id='word_1_216' title='bbox 443 3783 648 3847; x_wconf 81' lang='lat' dir='ltr'><strong>locrensium</strong></span> <span class='ocrx_word' id='word_1_217' title='bbox 671 3808 690 3847; x_wconf 93' lang='lat' dir='ltr'><strong>a</strong></span> <span class='ocrx_word' id='word_1_218' title='bbox 705 3808 737 3850; x_wconf 89' lang='lat' dir='ltr'><strong>se</strong></span> <span class='ocrx_word' id='word_1_219' title='bbox 760 3790 975 3857; x_wconf 87' lang='lat' dir='ltr'><strong>saluberrimis</strong></span> <span class='ocrx_word' id='word_1_220' title='bbox 996 3803 1095 3879; x_wconf 91' lang='lat' dir='ltr'><strong>atque</strong></span> <span class='ocrx_word' id='word_1_221' title='bbox 1120 3802 1291 3868; x_wconf 86' lang='lat' dir='ltr'><strong>utilissimis</strong></span> 
     </span>
     <span class='ocr_line' id='line_1_32' title="bbox 339 3882 1290 3978; baseline 0.026 -31"><span class='ocrx_word' id='word_1_222' title='bbox 339 3882 462 3969; x_wconf 81' lang='lat' dir='ltr'><strong>legibus</strong></span> <span class='ocrx_word' id='word_1_223' title='bbox 472 3882 605 3960; x_wconf 89' lang='lat' dir='ltr'><strong>munita,</strong></span> <span class='ocrx_word' id='word_1_224' title='bbox 615 3907 715 3970; x_wconf 89' lang='lat' dir='ltr'><strong>quum</strong></span> <span class='ocrx_word' id='word_1_225' title='bbox 731 3891 815 3956; x_wconf 87' lang='lat' dir='ltr'><strong>filius</strong></span> <span class='ocrx_word' id='word_1_226' title='bbox 825 3894 895 3978; x_wconf 87' lang='lat' dir='ltr'><strong>ejus</strong></span> <span class='ocrx_word' id='word_1_227' title='bbox 903 3894 1052 3961; x_wconf 86' lang='lat' dir='ltr'><strong>adulterii</strong></span> <span class='ocrx_word' id='word_1_228' title='bbox 1064 3900 1196 3968; x_wconf 90' lang='lat' dir='ltr'><strong>crimine</strong></span> <span class='ocrx_word' id='word_1_229' title='bbox 1206 3906 1290 3971; x_wconf 86' lang='lat' dir='ltr'><strong>daur-</strong></span> 
     </span>
     <span class='ocr_line' id='line_1_33' title="bbox 336 3984 1288 4092; baseline 0.026 -43"><span class='ocrx_word' id='word_1_230' title='bbox 336 4000 442 4059; x_wconf 88' lang='lat' dir='ltr'><strong>natns‚</strong></span> <span class='ocrx_word' id='word_1_231' title='bbox 455 3984 625 4050; x_wconf 84' lang='lat' dir='ltr'><strong>secuudum</strong></span> <span class='ocrx_word' id='word_1_232' title='bbox 637 3989 693 4072; x_wconf 87' lang='lat' dir='ltr'><strong>jus</strong></span> <span class='ocrx_word' id='word_1_233' title='bbox 704 3993 745 4056; x_wconf 90' lang='lat' dir='ltr'><strong>ab</strong></span> <span class='ocrx_word' id='word_1_234' title='bbox 760 4017 798 4057; x_wconf 88' lang='lat' dir='ltr'><strong>eo</strong></span> <span class='ocrx_word' id='word_1_235' title='bbox 813 3997 1034 4075; x_wconf 85' lang='lat' dir='ltr'><strong>constitutum,</strong></span> <span class='ocrx_word' id='word_1_236' title='bbox 1049 4016 1188 4092; x_wconf 92' lang='lat' dir='ltr'><strong>utroque</strong></span> <span class='ocrx_word' id='word_1_237' title='bbox 1199 4009 1288 4073; x_wconf 91' lang='lat' dir='ltr'><strong>oculo</strong></span> 
     </span>
     <span class='ocr_line' id='line_1_34' title="bbox 333 4088 1284 4196; baseline 0.026 -47"><span class='ocrx_word' id='word_1_238' title='bbox 333 4089 452 4172; x_wconf 88' lang='lat' dir='ltr'><strong>privari</strong></span> <span class='ocrx_word' id='word_1_239' title='bbox 474 4088 630 4165; x_wconf 88' lang='lat' dir='ltr'><strong>debuerit,</strong></span> <span class='ocrx_word' id='word_1_240' title='bbox 661 4107 788 4160; x_wconf 79' lang='lat' dir='ltr'><strong>actutu</strong></span> <span class='ocrx_word' id='word_1_241' title='bbox 816 4098 928 4164; x_wconf 88' lang='lat' dir='ltr'><strong>civitas</strong></span> <span class='ocrx_word' id='word_1_242' title='bbox 958 4101 988 4165; x_wconf 90' lang='lat' dir='ltr'><strong>in</strong></span> <span class='ocrx_word' id='word_1_243' title='bbox 1014 4103 1165 4172; x_wconf 89' lang='lat' dir='ltr'><strong>honorem</strong></span> <span class='ocrx_word' id='word_1_244' title='bbox 1190 4112 1284 4196; x_wconf 80' lang='lat' dir='ltr'><strong>petris</strong></span> 
     </span>
     <span class='ocr_line' id='line_1_35' title="bbox 332 4191 1283 4298; baseline 0.028 -48"><span class='ocrx_word' id='word_1_245' title='bbox 332 4191 547 4256; x_wconf 88' lang='lat' dir='ltr'><strong>necessitatem</strong></span> <span class='ocrx_word' id='word_1_246' title='bbox 560 4215 663 4278; x_wconf 79' lang='lat' dir='ltr'><strong>poenae</strong></span> <span class='ocrx_word' id='word_1_247' title='bbox 678 4195 915 4265; x_wconf 86' lang='lat' dir='ltr'><strong>adolescentulo</strong></span> <span class='ocrx_word' id='word_1_248' title='bbox 931 4203 1121 4283; x_wconf 87' lang='lat' dir='ltr'><strong>remitteret,</strong></span> <span class='ocrx_word' id='word_1_249' title='bbox 1132 4209 1283 4298; x_wconf 75' lang='lat' dir='ltr'><strong>aliquam-</strong></span> 
     </span>
     <span class='ocr_line' id='line_1_36' title="bbox 328 4286 1282 4391; baseline 0.032 -43"><span class='ocrx_word' id='word_1_250' title='bbox 328 4286 382 4351; x_wconf 91' lang='lat' dir='ltr'><strong>diu</strong></span> <span class='ocrx_word' id='word_1_251' title='bbox 401 4293 598 4377; x_wconf 82' lang='lat' dir='ltr'><strong>repugnavit.</strong></span> <span class='ocrx_word' id='word_1_252' title='bbox 623 4294 673 4360; x_wconf 92' lang='lat' dir='ltr'><strong>Ad</strong></span> <span class='ocrx_word' id='word_1_253' title='bbox 691 4298 840 4364; x_wconf 92' lang='lat' dir='ltr'><strong>ultimum</strong></span> <span class='ocrx_word' id='word_1_254' title='bbox 857 4303 969 4388; x_wconf 90' lang='lat' dir='ltr'><strong>populi</strong></span> <span class='ocrx_word' id='word_1_255' title='bbox 987 4307 1135 4391; x_wconf 89' lang='lat' dir='ltr'><strong>precibus</strong></span> <span class='ocrx_word' id='word_1_256' title='bbox 1151 4313 1282 4382; x_wconf 82' lang='lat' dir='ltr'><strong>evictus,</strong></span> 
     </span>
    </p>
   </div>
   <div class='ocr_carea' id='block_1_3' title="bbox 0 0 1780 5467">
    <p class='ocr_par' dir='ltr' id='par_1_3' title="bbox 0 0 1780 5467">
     <span class='ocr_line' id='line_1_37' title="bbox 0 0 1780 5467; baseline 0 21"><span class='ocrx_word' id='word_1_257' title='bbox 0 0 1780 5467; x_wconf 95' lang='lat' dir='ltr'><strong> </strong></span> 
     </span>
    </p>
   </div>
  </div>
 </body>
</html>
