3550 5467
275 707 474 789 crs.xx1v.]
633 726 887 774 murossmcos.
1193 718 1235 775 59

276 882 385 944 latnna
425 881 514 944 Nam
529 881 592 944 etsi
608 883 732 946 laboret
746 881 841 956 vitiis,
853 881 1004 946 ferendus
1019 892 1068 945 est
1083 887 1236 967 tauquam

277 983 309 1044 in
325 1004 391 1066 quo
406 982 524 1046 saluus
538 982 684 1066 auspicia
699 984 950 1067 provincialibus
964 992 1086 1048 extant

490 1099 571 1166 Rege
583 1098 704 1152 ineolumi
715 1116 790 1153 mens
802 1099 923 1153 omnibns
934 1116 1001 1162 uua3

383 1186 503 1250 Amisso,
514 1202 609 1257 mpero
620 1184 713 1267 bdem.

279 1307 404 1389 lllyrici
433 1316 467 1370 et
495 1306 653 1386 Thracas,
682 1304 871 1390 quotidiano
900 1306 1055 1371 exercitio
1085 1305 1237 1386 indurati,

280 1409 384 1489 gloria
401 1408 528 1474 bellicae
548 1406 654 1472 laudis
674 1407 828 1471 finitimos
848 1407 1049 1472 Macedones
1064 1410 1237 1488 terrebant,

280 1510 335 1592 qui
350 1510 464 1593 praelio
477 1509 574 1594 pulsi,
586 1529 660 1591 rege
675 1528 734 1572 suo
749 1507 834 1588 regis
849 1505 994 1572 defuncti
1009 1507 1077 1570 filio
1092 1508 1125 1570 in
1142 1509 1235 1572 cunis

279 1611 415 1692 prolato,
436 1624 469 1672 et
489 1630 577 1692 pone
604 1608 707 1672 aciem
733 1607 851 1691 posito,
875 1607 980 1671 acrius
1004 1616 1166 1672 certamen
1187 1629 1236 1673 re·

281 1711 416 1794 petiere,
427 1720 583 1792 tauquam
599 1709 674 1773 ideo
689 1710 767 1774 victi
782 1708 930 1783 fuissent,
942 1707 1031 1792 quod
1045 1708 1242 1774 bellantibus
1336 1783 1339 1790 .

281 1809 447 1874 debuerant
473 1811 622 1894 auspicia
648 1810 732 1892 regis
762 1810 844 1886 sui3
891 1808 1028 1873 victores
1066 1808 1163 1872 futuri
1192 1812 1241 1874 vel

284 1921 463 1995 propterea,
488 1911 574 1996 quod
600 1931 642 1974 ex
669 1911 896 1996 superstitione
922 1912 972 1974 vel
1003 1910 1068 1975 fide
1098 1910 1245 1975 animum·

285 2012 434 2077 vincendi
461 2025 624 2096 ceperant.
671 2015 757 2077 Nam
783 2026 816 2077 et
841 2013 1001 2077 miseratio
1027 2013 1160 2078 infantis
1184 2035 1241 2078 eos

286 2117 428 2194 tenebat,
451 2115 605 2199 quoniam
627 2117 655 2178 si
678 2112 754 2180 victi
777 2128 895 2194 essent,
917 2116 1078 2201 captivum
1101 2116 1143 2180 de
1167 2137 1240 2199 rege
1296 2178 1298 2183 .

283 2219 388 2282 facere
411 2217 611 2282 videbantur.
659 2218 817 2282 conserto
842 2218 952 2302 itaque
978 2220 1101 2302 praelio,
1123 2239 1241 2302 magua

286 2321 376 2384 caede
404 2321 555 2404 Illyricos
580 2319 743 2401 fuderunt,
765 2319 970 2384 ostendentes
995 2322 1142 2387 hostibus
1166 2321 1243 2401 suis,

282 2423 389 2505 priore
411 2422 498 2487 bello
520 2444 641 2504 regem,
663 2444 727 2486 non
753 2424 901 2486 virtutem
928 2423 1164 2488 Macedonibus
1186 2423 1242 2487 de-

283 2523 391 2588 fuisse.
437 2525 556 2598 Quanti
578 2546 655 2606 ergo
671 2546 742 2588 esse
759 2524 857 2589 debet
873 2526 944 2611 jam
962 2536 1131 2610 provectus
1149 2534 1242 2590 aetate

283 2638 315 2690 et
330 2626 501 2709 dignitate,
516 2627 544 2691 si
559 2629 640 2690 tanti
660 2628 816 2692 habeatur
838 2636 972 2711 utroque
993 2625 1239 2710 provehendus?

285 2730 380 2794 Licet
405 2741 511 2793 autem
535 2729 716 2795 duriuscule
740 2730 888 2793 videatur
916 2739 1049 2794 tractare
1075 2730 1243 2813 populum,

284 2842 392 2896 tamen
414 2832 588 2897 auctoritas
610 2827 787 2912 diguitatis,
805 2844 838 2896 et
860 2832 960 2896 officii
982 2832 1103 2896 utilitas
1123 2830 1243 2896 debent

285 2933 529 3017 provincialium
552 2935 676 2998 animos
698 2934 857 3017 mitigare.
911 2934 1048 2997 Memini
1069 2955 1128 2997 mev
1143 2954 1241 2998 causa

285 3034 434 3098 visitandi
463 3035 628 3098 dominum
655 3034 833 3100 Adriauum
865 3035 1058 3099 Pontificem
1083 3044 1242 3118 quartum,

284 3137 339 3221 qui
363 3158 414 3200 me
437 3137 469 3199 iu
492 3136 673 3200 ulteriorem
695 3136 940 3200 familiaritatem
966 3135 1148 3212 admiserat,
1167 3156 1240 3219 pro·

286 3241 404 3303 lectum
434 3239 467 3302 in
499 3238 659 3323 Apuliam,
689 3239 857 3323 mansique
887 3259 961 3301 cum
993 3257 1032 3300 eo
1062 3237 1241 3301 Beneventi

288 3341 388 3403 t'erme
404 3350 469 3403 tres
484 3359 620 3403 menses.
665 3339 774 3412 Quum
788 3341 910 3424 itaque,
923 3351 959 3403 ut
978 3339 1048 3403 lieri
1062 3340 1145 3404 solet
1158 3339 1243 3403 inter

288 3442 420 3518 amicos,
430 3461 516 3524 saepe
532 3461 627 3524 super
637 3440 784 3525 plurimis
799 3441 1025 3518 conferremus,
1035 3449 1069 3503 et
1078 3441 1149 3524 ipse
1163 3439 1243 3527 quid

288 3541 328 3605 de
347 3563 394 3617 se,
410 3552 444 3606 et
463 3539 601 3605 ecclesia
624 3542 773 3604 Romana
792 3540 947 3604 sentirent
969 3540 1128 3619 homines,
1150 3562 1170 3605 a
1189 3562 1241 3605 me

287 3640 483 3718 familiarius,
504 3650 538 3703 ct
563 3638 751 3720 diligentius
778 3649 946 3721 quaereret,
971 3658 1030 3720 ego
1056 3638 1144 3722 apud
1168 3661 1241 3704 eum

286 3762 362 3806 usus
391 3742 522 3826 spiritus
550 3743 707 3821 libertate,
732 3742 826 3816 mela,
852 3759 926 3823 quar
952 3741 985 3802 in
1012 3738 1145 3805 diversis
1169 3762 1239 3827 pro·

286 3844 398 3908 vinciis
434 3842 610 3921 audieram,
640 3849 789 3927 patenter
826 3843 974 3926 exposui.
1030 3842 1122 3908 Sicut
1157 3845 1241 3907 enim

286 3945 454 4012 dicebatur
483 3967 503 4009 a
531 3947 651 4023 multis,
680 3946 829 4008 Romana
866 3944 1012 4022 ecclesia,
1042 3966 1114 4029 quar
1144 3957 1243 4010 mater

286 4049 425 4113 omnium
445 4048 654 4113 ecclesiarum
674 4057 733 4124 est,
750 4067 864 4111 senon
881 4056 946 4109 tam
962 4057 1095 4110 matrem
1111 4045 1243 4110 exhibet

288 4152 364 4229 aliis,
395 4173 496 4236 quam
526 4170 704 4214 novercam.
761 4149 884 4212 Sedent
917 4149 950 4211 in
980 4169 1019 4211 ea
1053 4148 1174 4213 Scribae
1209 4158 1243 4210 et

291 4251 456 4328 Pharisaei,
486 4262 646 4336 ponentes
674 4269 774 4313 onera
803 4248 1019 4332 importabilia
1044 4250 1076 4310 iu
1103 4245 1242 4309 humeris

287 4352 464 4432 hominum,
481 4374 554 4436 quan
571 4351 669 4432 digito
692 4372 757 4416 non
778 4351 981 4432 contingunt.
1030 4347 1243 4412 Dominantur
