3550 5467
523 696 565 751 46
769 708 905 753 scaurus
923 708 1200 754 saussanurnnsrs
1336 691 1419 769 [tra.
1435 711 1480 754 vr.

524 862 564 924 In
588 860 702 925 diebus
721 859 790 943 ejus
812 860 1025 941 multiplicata
1048 871 1122 923 sunt
1145 862 1230 924 mala
1255 861 1290 922 iu
1317 873 1410 939 terra,
1434 874 1481 938 ut,

524 961 552 1025 si
578 961 651 1043 quis
676 983 714 1024 ea
739 961 921 1024 summatim
951 973 1129 1038 recenseat,
1154 960 1318 1024 historiam
1343 962 1480 1045 Josephi

522 1061 841 1145 possint-excedere.
888 1063 1103 1124 Veruntamen
1129 1081 1163 1124 se
1184 1058 1249 1123 illis
1270 1063 1362 1144 pueri
1382 1062 1482 1125 virtus

522 1164 683 1247 opposuit,
699 1173 732 1226 et
750 1163 815 1226 fere
834 1172 907 1226 ante
923 1172 1049 1226 aetatem
1065 1173 1120 1225 aut
1135 1182 1252 1226 munus
1267 1164 1414 1242 militare,
1431 1164 1478 1227 sic

521 1266 765 1347 malignantium
788 1265 945 1349 impetum
967 1264 1072 1346 fregit,
1088 1277 1123 1327 ut
1137 1264 1324 1328 Theodosio
1339 1266 1481 1350 juniore,

524 1387 618 1449 quem
658 1366 799 1430 historiae
841 1367 1011 1430 conterunt
1048 1366 1245 1443 Alexandro,
1283 1367 1479 1450 quandoque

523 1465 628 1529 dictus
652 1466 780 1530 sitnon
804 1487 874 1529 esse
897 1477 930 1528 et
954 1487 1085 1529 munera
1110 1488 1275 1549 nunquam
1299 1468 1480 1531 inveniatur

521 1567 660 1630 inferior.
705 1569 777 1633 Nec
804 1589 906 1645 mora,
928 1567 960 1629 in
985 1566 1099 1648 primis
1125 1568 1352 1632 adolescentiae
1377 1569 1481 1646 annis,

522 1669 671 1752 impubes
700 1669 819 1746 adhuc,
848 1668 997 1732 militiam
1036 1690 1204 1750 aggressus
1234 1682 1294 1746 est,
1323 1671 1480 1753 vultuque

520 1770 681 1848 ferociori,
710 1782 743 1834 et
775 1770 895 1834 fortiori
924 1789 1020 1832 manu
1051 1769 1150 1832 divini
1181 1771 1305 1848 auxilii,
1335 1770 1480 1834 hostium

525 1871 625 1935 corda
647 1872 812 1935 concussit
833 1885 866 1933 et
888 1870 991 1950 fregit.
1036 1870 1216 1954 Statimque
1239 1872 1481 1936 insurrexerunt

522 1973 556 2035 in
586 1992 659 2033 eum
694 1991 786 2051 reges
816 1970 1022 2046 Francomm,
1053 1980 1086 2032 et
1114 1971 1303 2051 Anglorum,
1332 1973 1480 2037 collectis

521 2071 642 2134 viribus
663 2072 740 2147 suis,
755 2082 788 2132 et
809 2082 945 2153 utroque
966 2070 1136 2134 immanior
1158 2071 1262 2134 hostis
1282 2072 1481 2138 Eustachius

520 2173 587 2247 ille,
610 2170 750 2233 sororius
772 2171 855 2252 regis
881 2171 1088 2247 Francorum,
1111 2171 1167 2254 qni
1189 2171 1351 2255 propriam
1378 2195 1481 2253 agens

520 2294 662 2350 causam,
677 2292 741 2335 non
757 2284 822 2334 tam
837 2272 932 2356 patri,
946 2293 1040 2356 quam
1058 2272 1130 2350 sibi,
1145 2283 1312 2357 paternum
1328 2273 1481 2339 diadema

520 2394 710 2438 conservare
739 2373 910 2437 nitebatur.
965 2373 1010 2435 Et
1039 2393 1096 2436 eos
1125 2371 1254 2456 quidem
1285 2395 1351 2435 non
1380 2377 1478 2440 modo

520 2475 653 2538 viriliter
664 2475 901 2557 Neoptolemus
910 2483 1019 2537 noster
1034 2474 1196 2552 sustinuit,
1205 2473 1263 2538 sed
1278 2497 1321 2538 ex
1337 2476 1479 2540 maxima

519 2587 610 2660 parte
625 2585 773 2659 potenter
788 2577 959 2659 superarit.
1005 2574 1103 2639 Unde
1119 2587 1224 2640 tactus
1240 2576 1349 2640 dolore
1370 2577 1479 2641 cordis

520 2678 713 2742 intrinsecus
735 2677 944 2756 Eustachius
967 2698 1063 2761 quem
1086 2678 1236 2760 praedixi,
1252 2677 1339 2763 quod
1361 2679 1393 2741 in
1415 2680 1479 2742 vita

522 2780 678 2862 optimum
689 2779 775 2858 fecit,
788 2781 884 2842 rebus
899 2777 1041 2842 excessit
1052 2778 1213 2853 humanis,
1227 2801 1333 2863 quem,
1342 2778 1479 2843 laetanti·

518 2882 581 2944 bns
594 2882 702 2960 bonis,
717 2891 750 2944 et
764 2882 904 2965 publicae
920 2880 1056 2944 fortunas
1073 2881 1381 2963 congratulantibus,
1396 2900 1477 2962 quo-

519 2982 607 3046 niam
622 2982 677 3045 hic
693 2984 856 3064 flagellum
871 2981 959 3046 aliud
974 2980 1086 3064 patriae
1100 2981 1299 3058 imminebat,
1313 2982 1468 3044 luxerunt

660 3107 868 3160 Ambubaiarum
879 3105 1000 3174 collegia,
1012 3104 1228 3177 pharmocopolae,

663 3192 791 3258 Mendici,
803 3194 886 3256 mimi,
898 3191 1056 3256 Matronae,
1068 3191 1118 3242 hoc
1130 3207 1213 3259 genus
1224 3207 1309 3242 omne.

520 3307 572 3370 Ne
591 3317 697 3369 umen
717 3305 826 3367 obitus
846 3305 915 3388 ejus
937 3304 1045 3383 gloriae
1069 3302 1160 3365 ducis
1181 3304 1281 3365 nostri
1301 3302 1477 3386 quicquam

520 3405 712 3476 detraheret,
742 3402 940 3466 deditionem
971 3402 1193 3476 Craumersiae,
1217 3403 1248 3463 in
1280 3403 1373 3486 cujus
1402 3407 1478 3467 sub-

522 3506 638 3570 sidium
655 3524 730 3568 cum
744 3517 834 3588 patre
850 3513 979 3565 venerat
996 3502 1030 3564 in
1045 3523 1142 3565 manu
1158 3500 1273 3576 valida,
1289 3515 1322 3565 et
1341 3524 1477 3568 numero

520 3608 668 3691 ampliori
695 3605 788 3668 virus
817 3614 968 3680 armatus,
995 3602 1133 3666 militum
1163 3603 1340 3667 instructus
1370 3607 1479 3688 copia,

519 3709 670 3774 sustinuit
698 3727 840 3791 proesens
870 3717 904 3770 et
934 3706 1027 3769 vidit.
1088 3705 1174 3768 Dux
1204 3716 1311 3769 autem
1341 3708 1478 3771 consilio

518 3811 615 3874 unius
629 3809 848 3895 praemonitus,
861 3809 943 3873 inter
962 3817 1102 3872 castrum
1125 3807 1211 3893 quod
1234 3830 1291 3872 rex
1307 3809 1477 3888 munierat,

517 3924 552 3977 et
569 3913 652 3994 regis
667 3912 788 3995 copias,
804 3932 908 3988 suum,
923 3911 981 3974 sed
1001 3912 1095 3993 longe
1118 3912 1273 3974 minorem
1296 3912 1475 3975 exercitum

517 4012 686 4098 interjecit.
739 4013 790 4074 Ne
827 4022 933 4075 tamen
980 4011 1043 4075 hoc
1081 4011 1271 4093 alienigenae
1313 4013 1476 4075 ascribant

518 4116 638 4180 viribus
661 4115 738 4191 suis,
759 4123 868 4176 nostro
891 4113 1052 4197 praecipue
1082 4113 1180 4177 milite
1206 4114 1377 4177 nitebatur.
1423 4113 1475 4176 Ad

518 4218 582 4282 boc
606 4215 735 4281 demum
760 4215 969 4296 exigentibus
995 4214 1102 4297 culpis
1125 4213 1300 4297 perductus
1329 4224 1389 4288 est,
1417 4214 1473 4296 qui

519 4341 651 4403 regnum
672 4326 894 4403 occupaverat,
908 4328 942 4380 ut
960 4325 1125 4397 cogeretur
1145 4313 1339 4379 exheredare
1360 4313 1475 4391 filium,
