3550 5467
406 761 478 807 ose.
495 741 559 820 rm]
760 755 1014 803 eom’cnarrcus.
1304 745 1362 804 111

408 912 561 977 tenueris.
607 909 658 973 Ea
674 920 790 987 tamen,
804 907 845 971 de
864 907 984 994 quibus
999 909 1136 971 maxime
1154 907 1364 994 disceptatur,

405 1011 582 1091 inutiliora,
602 1022 636 1074 et
655 1009 725 1073 aliis
746 1008 859 1073 viliora
881 1021 968 1081 sunt,
986 1031 1087 1094 quum
1110 1009 1281 1091 patuerint.
1328 1009 1363 1073 Si

406 1111 622 1199 progrederis,
638 1111 662 1174 si
686 1110 799 1196 pudet,
814 1121 846 1174 et
870 1110 959 1196 piget
974 1109 1005 1172 in
1025 1109 1118 1194 nugis
1134 1107 1256 1174 diutius
1269 1133 1363 1174 occu·

406 1218 488 1300 pari,
512 1212 554 1277 ad
577 1211 766 1277 diverticula
792 1209 964 1298 propositae
987 1211 1171 1297 quaestionis
1197 1211 1363 1287 relabitur,

405 1329 439 1380 et
457 1313 552 1400 quasi
573 1313 615 1378 ad
637 1313 742 1378 sinum
766 1313 876 1376 matris
898 1335 1071 1386 recurrens,
1089 1335 1175 1376 more
1195 1313 1306 1389 Antei,
1322 1317 1363 1377 ah

405 1439 456 1497 eo,
471 1416 504 1481 in
519 1439 585 1501 quo
604 1413 730 1499 genitus
744 1427 776 1478 et
792 1413 933 1477 nutritus
948 1426 1007 1493 est,
1021 1411 1105 1477 vires
1127 1436 1273 1498 reparare
1288 1437 1363 1478 con-

407 1517 521 1583 tendit.
567 1517 621 1583 Sic
636 1517 793 1591 circumit,
811 1528 859 1580 tot
879 1515 956 1580 facit
978 1516 1163 1595 amfractus,
1179 1530 1216 1580 ut
1238 1516 1279 1580 ad
1303 1514 1366 1579 usi-

407 1633 475 1684 tata
490 1630 645 1694 recurrat,
660 1617 737 1681 acsi
754 1616 973 1702 labyrinthum
989 1625 1135 1701 oporteat
1151 1617 1321 1681 circumiri.

718 1717 847 1789 Serpente
859 1717 959 1769 ciconia
971 1715 1055 1788 pullos

518 1801 621 1867 Nutrit,
636 1809 665 1855 et
675 1804 780 1855 invento
792 1821 839 1874 per
850 1802 928 1854 devia
939 1820 999 1854 rura
1009 1800 1117 1865 lacerta,

515 1887 561 1940 llli
573 1889 665 1941 eadem
676 1890 769 1941 sumtis
781 1892 900 1956 quierunt
911 1886 1035 1939 animalia
1047 1889 1148 1960 pennis.

516 1972 615 2027 Vultur
622 1975 744 2046 jumento
756 1980 783 2026 et
794 1972 903 2025 canibus
914 1972 1083 2042 crucibusque
1094 1972 1200 2037 relictis,

517 2059 564 2111 Ad
575 2059 654 2112 foetns
666 2064 795 2131 properat,
808 2065 958 2130 partemque
970 2059 1104 2112 cadaveris
1116 2058 1209 2112 adfert.

518 2145 572 2198 flia
583 2151 626 2198 est
636 2163 700 2213 ergo
711 2145 784 2198 cibus
796 2146 885 2212 magni
898 2162 999 2213 quoque
1010 2144 1128 2210 vulturis,
1141 2152 1169 2198 et
1180 2163 1209 2198 se

410 2243 412 2246 ⁴
518 2229 665 2295 Pascentis,
677 2232 779 2302 pmpria
790 2248 870 2298 quum
877 2231 935 2302 jam
946 2229 1009 2283 facit
1020 2231 1112 2284 arbore
1124 2233 1208 2285 nidos.

518 2315 572 2368 Sed
583 2314 698 2386 leporem
709 2321 755 2387 aut
767 2333 886 2388 capream
897 2315 1000 2369 famulae
1012 2317 1029 2368 J
1030 2319 1094 2381 oria,
1107 2323 1134 2369 et
1146 2334 1279 2385 generosae

518 2400 552 2452 ln
565 2400 634 2454 saltn
649 2390 777 2455 venantur
788 2420 859 2466 ares,
872 2408 933 2454 tuno
945 2402 1033 2474 praeda
1044 2403 1123 2456 cubili

523 2483 650 2538 Ponitur:
668 2487 729 2538 inde
740 2492 827 2539 autem
836 2504 916 2554 quum
927 2502 956 2538 se
969 2492 1071 2538 matura
1081 2485 1180 2539 levabit

521 2567 673 2638 Progenies,
684 2568 836 2623 stimulante
847 2569 918 2622 fame
930 2568 1039 2622 festinat
1051 2570 1086 2620 arl
1099 2569 1180 2633 illam,

519 2654 609 2716 Quam
619 2656 728 2726 primam
739 2662 815 2726 rupto
827 2655 943 2724 praedam
955 2660 1107 2721 gustaverat
1118 2671 1175 2706 oro.

416 2751 451 2815 Si
466 2773 546 2834 ergo
561 2772 615 2816 eos
629 2773 648 2814 a
662 2749 767 2814 verbis
782 2750 848 2813 suia
863 2747 1078 2834 suspenderis,
1093 2748 1159 2811 fere
1174 2748 1206 2811 in
1222 2748 1307 2811 omni
1322 2748 1369 2810 fa-

411 2851 546 2927 cultate,
565 2850 680 2937 inopia
703 2873 814 2915 eorum
837 2847 958 2936 poteris
981 2849 1133 2913 misereri.
1180 2851 1264 2914 Sunt
1285 2848 1368 2912 euim

413 2953 472 3041 qui
486 2963 640 3039 proestnre
656 2953 828 3018 videantur
849 2956 881 3016 in
907 2951 1058 3037 singulis3
1089 2964 1163 3014 sunt
1185 2951 1242 3037 qui
1266 2964 1371 3036 partes

413 3054 625 3142 philosophia)
648 3052 813 3119 vendicent
840 3054 1022 3116 universas:
1056 3075 1112 3115 uec
1135 3053 1239 3116 minus
1262 3065 1369 3117 tamen

413 3156 546 3220 suntin
571 3153 707 3237 siugulis
731 3152 943 3239 philosophiae
967 3152 1059 3238 copia
1084 3152 1242 3216 destituti.
1290 3155 1370 3218 Sunt

413 3258 469 3341 qui
483 3255 526 3319 ab
549 3276 613 3317 una
635 3253 862 3336 perfectionem
879 3265 1018 3339 sperent,
1035 3265 1110 3316 sunt
1132 3252 1191 3339 qui
1214 3254 1370 3318 universis

414 3357 595 3442 invigilent,
607 3356 718 3441 inopes
732 3355 941 3440 singularum.
982 3355 1054 3418 Non
1070 3353 1163 3418 facile
1179 3368 1283 3419 tamen
1300 3355 1373 3420 dix-

414 3458 504 3534 erim,
519 3482 603 3544 quos
617 3457 719 3543 magis
734 3457 860 3522 credam
877 3479 945 3521 esse
960 3480 1118 3535 erroneos,
1136 3480 1233 3545 quum
1251 3481 1308 3522 nec
1330 3459 1372 3523 ab

416 3581 480 3625 una
493 3559 649 3647 perfectio
663 3572 798 3639 constet,
809 3572 841 3624 et
857 3582 949 3623 nemo
962 3559 1099 3625 fideliter
1113 3572 1212 3646 queat
1224 3561 1372 3628 omnibus

415 3663 578 3728 inservire.
623 3663 687 3740 Qui
711 3676 815 3726 tamen
838 3663 880 3726 ab
904 3683 968 3725 una
989 3662 1071 3747 petit
1093 3686 1213 3743 omnes,
1235 3663 1373 3750 ineptior

415 3778 472 3831 cst.
527 3764 738 3850 Arrogantior
767 3765 824 3849 qui
854 3787 963 3828 omnes
994 3765 1176 3849 profitetur.
1232 3770 1301 3831 lmo
1330 3766 1372 3830 ad

414 3869 521 3931 omnia
540 3866 690 3953 occupari
713 3865 832 3930 desidis
853 3878 922 3938 est;
954 3864 1008 3929 sed
1034 3867 1238 3948 fastidientis,
1253 3880 1285 3932 et
1309 3891 1372 3931 non

414 3968 621 4055 proficientis,
635 3968 743 4031 omnia
766 3968 942 4032 circumire.
991 3970 1166 4050 Caeterum,
1188 3971 1245 4055 qui
1272 3969 1373 4033 multa

416 4069 588 4158 percurrit,
600 4078 636 4132 ut
647 4067 744 4154 eligat
759 4068 810 4131 cui
827 4068 867 4131 sit
884 4067 992 4154 potius
1003 4068 1225 4146 insistendum,
1237 4071 1373 4134 circum-

417 4186 548 4258 spectus
563 4181 626 4250 est,
639 4182 670 4233 et
687 4169 757 4233 aliis
771 4167 970 4246 examinatis,
985 4171 1199 4254 praeelectioni
1215 4193 1282 4234 sune
1297 4168 1374 4232 fide-

421 4272 483 4338 lius
512 4273 622 4336 aervit.
682 4273 733 4335 Eo
762 4271 845 4335 forte
875 4285 999 4354 spectat
1028 4286 1222 4357 praeceptum
1253 4269 1374 4348 Ethici,

421 4374 528 4460 legere
556 4373 655 4438 libros
680 4372 903 4459 praecipientia.
962 4375 1001 4436 ln
1026 4372 1132 4436 libello
1156 4393 1286 4456 quoque
1310 4394 1377 4456 quo
