3550 5467
404 767 472 812 mr.
490 750 582 830 xix]
751 764 1006 810 eoascmrrcus.
1306 753 1364 811 157

404 918 522 1000 legitur
544 918 751 983 ministrasse.
797 918 831 981 si
855 916 1054 979 moderniora
1073 915 1294 980 desiderantur
1308 940 1361 980 ex·

404 1019 531 1105 empla;
558 1019 706 1082 Valerius
737 1017 904 1081 Vincentio
934 1016 1008 1080 fidei
1038 1032 1070 1082 et
1100 1040 1221 1082 morum
1253 1018 1364 1081 doctor

405 1125 525 1197 extitit,
551 1135 584 1185 et
609 1120 772 1205 exemplar
799 1119 951 1203 martyrii.
998 1121 1107 1184 Scorta
1133 1133 1272 1184 sectatus
1297 1133 1364 1195 est;

405 1224 459 1286 sed
483 1225 581 1299 Osee,
605 1223 775 1285 mandante
802 1222 951 1298 Domino,
973 1220 1173 1307 amplexibus
1189 1222 1365 1286 meretricis

405 1323 556 1387 adhaesit.
605 1321 761 1407 lnsipiens
776 1337 842 1384 est:
867 1321 921 1384 sed
945 1343 1002 1407 per
1024 1321 1236 1407 insipientiam
1253 1321 1364 1386 mundi

406 1425 549 1488 decrevit
567 1427 657 1488 Deus
678 1423 799 1486 salvare
820 1423 994 1486 credentes.
1039 1426 1208 1488 Percussor
1223 1439 1284 1489 est:
1309 1425 1364 1488 sed

408 1528 527 1589 Petrus
542 1524 688 1609 gladium
711 1546 854 1599 exerens,
878 1524 972 1599 servi,
989 1524 1140 1609 principis
1156 1525 1366 1604 sacerdotum,

406 1626 585 1691 auriculam
609 1626 800 1713 amputavit.
855 1625 1066 1690 Meticulosus
1089 1640 1156 1689 est:
1182 1626 1244 1688 Sed
1274 1628 1368 1690 Ionas

407 1730 448 1793 ad
465 1730 630 1795 Ninivitas
655 1730 776 1793 veritus
798 1742 846 1791 est
861 1726 1021 1806 accedere,
1043 1727 1186 1791 Thomas
1200 1728 1239 1791 ad
1260 1729 1366 1794 Indos.

410 1830 781 1896 Teneturlunctionibus
793 1828 932 1916 publicis
942 1829 1106 1913 alligatus:
1125 1829 1178 1894 sed
1190 1830 1368 1895 Matthaeus

409 1933 450 1997 de
467 1933 593 1998 teloneo
604 1946 788 2018 assumptus
803 1945 862 1995 est.
911 1930 1098 1995 Vinolentus
1115 1945 1176 2012 est,
1191 1947 1222 1996 et
1239 1931 1368 1996 deditus

411 2033 517 2117 gulae:
543 2032 598 2096 sed
621 2031 779 2096 Dominus
801 2032 868 2117 ipse
891 2032 995 2096 dictus
1016 2047 1060 2097 est
1079 2046 1205 2119 potator
1222 2034 1297 2108 vini,
1314 2057 1367 2095 vo-

410 2148 497 2201 rator
529 2136 684 2199 carnium.
730 2138 803 2198 Nou
834 2133 1005 2219 acquiescit
1036 2136 1226 2222 majoribus:
1257 2136 1311 2200 sed
1336 2150 1367 2200 et

411 2238 533 2304 Paulus
549 2236 580 2299 in
596 2236 708 2299 facicm
725 2237 842 2300 restitit
861 2240 963 2301 Petr0.
1002 2240 1228 2305 Contentiosus
1243 2251 1309 2302 est:
1334 2253 1366 2302 et

411 2341 495 2405 iuter
530 2337 704 2424 discipulos
734 2339 813 2401 Jesu
851 2339 937 2402 facta
974 2341 1134 2405 contentio
1164 2355 1367 2406 memoratur.

413 2441 575 2507 Garrulus
598 2454 645 2503 est
667 2454 699 2503 et
721 2438 901 2523 linguosus:
925 2441 1083 2506 facundus
1103 2444 1267 2523 habeatur,
1290 2466 1369 2528 quo-

413 2541 497 2607 niam
515 2556 548 2606 et
564 2542 737 2628 Apostolus
752 2541 795 2605 sic
811 2543 917 2606 dictus
931 2556 979 2606 est
996 2544 1261 2609 semini-verbius.
1284 2543 1373 2607 Mili-

414 2652 491 2712 tiam
509 2657 663 2708 armatam
680 2645 838 2708 exercuit:
864 2644 917 2708 sed
932 2646 1094 2708 Martinus
1108 2648 1129 2709 J
1132 2636 1237 2707 uliano
1253 2644 1370 2728 legitur

414 2747 579 2812 militasse.
605 2746 661 2809 Vir
676 2746 866 2830 sanguinum
883 2760 944 2810 cst:
969 2746 1023 2808 sed
1035 2749 1165 2830 Moyses
1177 2746 1370 2830 AEgyptium

415 2850 840 2934 interfecit,etabscondit·in
852 2849 975 2914 sabulo.
1001 2849 1372 2914 Manifestumesthomi·

414 2955 551 3017 cidium:
575 2964 605 3014 et
625 2950 751 3014 Samuel
767 2965 922 3036 praescnte
940 2950 1059 3036 populo
1078 2972 1183 3034 regern
1201 2950 1370 3035 pinguissi-

416 3078 504 3121 mum
520 3053 688 3117 interfecit.
716 3052 860 3116 Perfidus
870 3065 917 3117 est
928 3066 957 3115 et
972 3053 1132 3137 perjurus:
1152 3050 1205 3116 sed
1219 3066 1250 3115 et
1259 3056 1373 3119 Petrus

418 3155 587 3242 perfidiam
612 3154 752 3240 perjurio
772 3153 959 3218 cumulavit.
1008 3157 1123 3218 Mutus
1145 3166 1212 3217 est:
1238 3154 1292 3217 sed
1313 3155 1373 3219 lroc

418 3257 608 3322 Zachariam
621 3277 640 3317 a
652 3255 827 3319 sacerdotio
837 3278 898 3318 nou
910 3253 1054 3318 exclusit.
1079 3257 1192 3321 Caecus
1203 3269 1264 3320 est:
1277 3257 1331 3322 sed
1341 3274 1373 3323 et

419 3360 540 3426 Paulus
556 3359 663 3422 videre
679 3380 740 3428 non
758 3370 894 3442 poterat,
910 3357 1039 3443 quando
1054 3380 1125 3421 eum
1146 3358 1287 3424 Ananias
1307 3365 1373 3425 Do·

419 3462 506 3525 mino
521 3462 730 3524 consecravit.
764 3460 983 3544 Exigentibus
1004 3460 1109 3545 culpis
1126 3461 1290 3547 depositus
1309 3478 1370 3529 est:

420 3563 474 3628 sed
488 3561 581 3627 multi
599 3562 677 3627 tales
693 3565 832 3626 restituti
845 3576 931 3636 sunt,
952 3575 984 3625 et
1000 3563 1200 3647 postmodum
1224 3565 1375 3629 Ecclesia}

422 3664 481 3729 Dei
512 3662 688 3750 plurimum
718 3663 921 3748 profuerunt.
983 3664 1109 3728 Surdus
1132 3681 1200 3730 est:
1225 3668 1279 3730 sed
1314 3668 1375 3733 hoc

421 3769 596 3850 praeconari
609 3765 708 3850 legem
727 3765 786 3829 Dei
804 3788 864 3828 non
881 3765 1039 3851 prohibet.
1085 3768 1280 3833 Praedicator
1292 3774 1374 3835 enim

421 3871 590 3954 quaeritur,
605 3890 667 3930 non
683 3865 820 3930 auditor.
867 3867 1029 3951 Leprosus
1044 3880 1106 3931 est:
1124 3869 1179 3932 sed
1194 3869 1234 3933 de
1250 3884 1376 3955 pastore

422 3983 585 4054 pastorum
601 3967 732 4032 ecclesia
745 3966 863 4031 recolit.
899 3967 981 4044 Quia
991 3991 1046 4031 nec
1058 3973 1205 4052 speciem,
1218 3993 1275 4033 nec
1286 3971 1377 4034 deco-

425 4091 488 4133 rem
506 4070 627 4133 lrabeus
643 4065 804 4155 apparuit,
821 4067 878 4152 qui
899 4067 1117 4132 excludendus
1132 4071 1295 4134 videretur
1311 4086 1379 4134 tan-

423 4195 516 4256 quam
530 4172 686 4256 leprosus‚
697 4184 727 4234 et
742 4170 943 4235 nechumano
955 4171 1217 4256 dignusaspectu‚
1242 4175 1379 4233 Persona

424 4271 625 4358 despicabilis
640 4284 704 4334 est:
723 4270 776 4334 sed
794 4271 934 4335 insimili
952 4272 1085 4356 repulsae
1106 4274 1211 4346 titulo,
1227 4270 1379 4333 adversus
