3550 5467
407 757 475 801 car.
492 738 568 817 xm]
766 757 1015 802 rotvcaarmus.
1311 744 1369 803 165

404 921 457 972 aut
488 906 652 971 mediator
682 909 728 982 lit,
755 908 838 971 clero
866 907 1053 985 nudabitur,
1083 908 1222 993 acceptis
1254 908 1364 972 vendi-

404 1009 512 1071 candis
539 1008 714 1072 venerabili
739 1009 816 1072 loco.
863 1011 895 1072 Si
927 1023 1032 1073 antem
1057 1008 1217 1074 saecularis
1241 1011 1281 1072 sit
1306 1009 1363 1095 qui

406 1110 533 1196 accipit,
566 1124 625 1174 aut
659 1110 813 1175 mediator
852 1125 912 1187 est,
939 1111 1026 1197 qnod
1064 1111 1176 1175 datum
1216 1125 1274 1188 est,
1305 1111 1364 1176 du·

407 1212 493 1297 plum
536 1214 641 1276 eidem
673 1213 844 1278 venerabili
875 1214 943 1277 loco
981 1216 1022 1277 ab
1061 1215 1130 1300 ipso
1167 1216 1362 1301 praebeatur.

405 1313 512 1379 Idem:
553 1314 719 1378 Sancimus
749 1339 849 1400 quum
880 1340 962 1400 opus
984 1318 1080 1382 luerit
1104 1319 1288 1403 episcopum
1311 1338 1363 1379 or-

404 1415 525 1496 dinare,
540 1416 673 1481 clericos
689 1441 764 1482 mox
779 1418 811 1481 in
828 1420 931 1483 tribus
951 1419 1078 1482 decreta
1094 1421 1195 1483 lacere
1219 1420 1361 1505 personis

405 1519 578 1606 propositis
604 1521 808 1584 sacrosanctis
838 1522 1033 1603 Evangeliis,
1056 1521 1195 1585 dicentes
1224 1523 1256 1585 in
1287 1521 1364 1605 ipsis

404 1620 554 1700 decretis,
566 1623 644 1708 quia
659 1646 762 1709 neque
778 1638 908 1709 propter
923 1624 1062 1710 aliquam
1079 1625 1292 1701 donationem,
1307 1638 1364 1691 aut

408 1720 661 1803 promissionem,
683 1736 738 1785 aut
758 1722 929 1785 amicitiam
954 1722 1011 1785 hos
1034 1724 1208 1808 elegerunt.
1249 1726 1310 1788 Sed
1333 1739 1364 1790 et

407 1822 540 1885 scientes
555 1846 608 1886 eos
623 1837 718 1886 rectae
733 1824 817 1904 fidei,
833 1839 864 1888 et
880 1828 1020 1889 honestae
1035 1830 1109 1890 vitae
1125 1850 1201 1906 esse,
1212 1841 1243 1891 et
1259 1827 1365 1892 literas

409 1945 517 1998 nosse;
551 1939 583 1987 et
611 1928 699 2009 quia,
723 1947 825 2010 neque
851 1946 992 2002 uxorem,
1018 1949 1120 2011 neque
1144 1929 1364 2007 concubinam,

366 2036 370 2043 '
409 2047 516 2111 neque
531 2025 614 2088 {ilios
637 2027 766 2107 habeut,
781 2051 886 2113 neque
910 2028 967 2092 hos
989 2029 1123 2092 curiales
1144 2045 1200 2096 aut
1219 2030 1366 2095 officiales

410 2151 487 2192 esse.
523 2126 631 2193 ldem:
659 2130 720 2193 Sed
737 2153 840 2216 neque
856 2131 1003 2195 curialem
1021 2145 1076 2196 aut
1098 2132 1259 2198 officialem
1277 2133 1366 2198 cleri-

409 2254 479 2295 cum
496 2230 565 2294 fieri
587 2231 817 2316 permittimus:
850 2232 934 2295 unde
957 2257 995 2298 ex
1013 2233 1071 2296 lroc
1095 2235 1264 2299 venerabili
1280 2234 1364 2298 clero

410 2332 525 2418 injuria
541 2333 609 2408 fiat,
621 2333 679 2396 nisi
694 2333 774 2398 sorte
791 2334 992 2398 monasticam
1010 2337 1107 2399 vitam
1123 2336 1239 2422 aliquis
1253 2359 1363 2401 eorum

409 2456 470 2497 non
487 2432 594 2497 minus
610 2456 674 2496 xxv
687 2434 778 2496 annis
793 2435 980 2519 impleverit.
1013 2437 1110 2500 Tales
1124 2439 1207 2502 enim
1223 2439 1363 2503 ordinari

409 2535 626 2622 praecipimus,
648 2549 763 2620 quarta
786 2536 923 2621 propriae
944 2536 1128 2601 substantiae
1151 2540 1210 2602 sibi
1231 2553 1365 2615 retenta,

410 2638 541 2724 reliquis
556 2639 703 2722 partibus
717 2638 815 2702 curiae
827 2653 858 2702 et
874 2639 949 2701 fisco
965 2639 1179 2717 vendicandis
1194 2640 1219 2703 si
1234 2644 1266 2703 in
1282 2640 1367 2704 clero

410 2740 588 2815 carnalitati,
612 2739 765 2804 monacho
789 2741 1011 2804 condecentem
1034 2740 1131 2804 vitam
1153 2741 1367 2826 impleverint.

410 2844 519 2908 ldem:
548 2843 600 2906 Ab
616 2843 782 2928 Episcopis
799 2847 868 2908 Deo
886 2843 1077 2906 amabilibus
1097 2842 1271 2907 secundum
1287 2844 1367 2907 divi-

409 2969 464 3010 nas
479 2949 609 3029 regulas
626 2945 786 3028 religiosos
804 2944 934 3009 clericos
950 2968 1022 3008 cum
1040 2944 1140 3009 multa
1154 2945 1220 3009 fieri
1235 2946 1367 3031 inquisi-

411 3049 508 3128 tione,
517 3059 550 3111 et
566 3048 639 3111 boni
650 3048 821 3112 testimonii
834 3049 917 3112 viros
927 3047 1068 3111 ordinari
1080 3049 1248 3123 sancimus,
1259 3049 1366 3113 literas

409 3151 593 3215 omnimodo
609 3152 753 3227 seientes,
764 3150 919 3226 eruditos,
929 3150 982 3213 sed
996 3150 1099 3213 nullos
1115 3151 1215 3234 magis
1227 3151 1258 3214 in
1270 3152 1366 3215 sacris

409 3253 665 3319 ordinationibus
680 3254 852 3339 diligimus
864 3277 960 3338 quarn
973 3276 1045 3316 curn
1058 3254 1202 3317 castitate
1217 3253 1369 3333 viventes,

410 3369 467 3420 aut
495 3379 566 3420 crim
596 3356 750 3420 uxoribus
776 3378 836 3418 non
864 3354 1090 3419 cohabitantes.
1130 3356 1211 3418 Haec
1236 3355 1366 3440 quidem

412 3457 520 3522 saeculi
545 3456 710 3543 principes.
750 3458 832 3520 Nam
857 3457 930 3520 licet
954 3457 1105 3521 Ecclesia
1128 3457 1272 3520 doctores
1297 3457 1365 3522 baec

412 3561 510 3625 latius
527 3573 779 3645 prosequantur;
808 3559 954 3644 quoniam
976 3558 1069 3622 nimis
1089 3559 1239 3624 videntur
1254 3560 1366 3640 ardua,

413 3685 487 3748 qnae
503 3661 656 3726 dicuutur
671 3663 712 3724 ab
728 3662 814 3746 ipsis,
833 3662 997 3725 vilescunt.
1024 3662 1144 3746 Utique
1155 3661 1211 3747 qui
1228 3661 1276 3724 vel
1289 3662 1366 3728 istos

413 3787 474 3829 non
502 3763 605 3839 audit,
629 3765 741 3827 caecior
770 3777 817 3827 est
846 3762 989 3848 Hypsea,
1012 3777 1044 3827 et
1072 3763 1222 3828 Dulichio
1248 3769 1366 3851 remige

414 3868 553 3944 surdior,
568 3882 600 3931 et
623 3867 679 3953 qui
699 3867 812 3930 merito
835 3866 1083 3951 praecipitandus
1107 3880 1165 3942 est,
1188 3881 1367 3951 prostratus

414 3971 453 4034 ab
473 3971 600 4055 angelo,
621 3992 714 4052 quern
737 3970 921 4047 contemnit,
939 3970 971 4033 in
995 3970 1152 4033 infernum
1176 3969 1367 4034 inferiorem.

412 4072 530 4136 Nadab
552 4083 584 4134 et
598 4070 682 4134 Abin
704 4071 776 4154 igne
792 4093 851 4132 suo
870 4092 1045 4146 succensos,
1060 4087 1092 4133 et
1115 4083 1206 4133 extra
1226 4068 1370 4132 taberna-

414 4176 519 4239 culum
536 4173 636 4237 elatos
653 4173 791 4235 Domino
807 4173 974 4235 mandante
987 4174 1146 4236 audieras:
1174 4171 1227 4233 scd
1246 4170 1277 4230 bi
1290 4183 1369 4231 tem-

414 4277 500 4361 plum
519 4275 649 4339 Domini
666 4290 697 4338 et
714 4288 822 4338 sancta
833 4287 1023 4351 sanctorum,
1035 4277 1148 4357 Moyse
1161 4282 1370 4355 repugnante,

415 4377 445 4442 id
468 4392 530 4453 est,
553 4376 623 4459 lege
650 4373 777 4439 llomini
799 4374 997 4460 probibente,
1014 4372 1161 4435 nituntur
1184 4372 1370 4454 irrumpere.
