3550 5467
407 734 472 795 206
653 744 789 790 Joassrs
803 741 1082 788 sanssnmurusrs
1197 723 1281 803 [nm.
1296 736 1362 786 vm.

408 923 482 986 quae
503 900 640 984 probant
654 919 721 960 ease
743 895 774 958 iu
797 917 835 958 eo
854 894 912 979 qui
935 893 1123 958 laudabitur
1144 890 1285 980 publice,
1299 914 1358 956 ere-

409 1001 502 1073 dant;
527 1009 583 1060 aut
598 996 631 1060 in
647 1019 685 1059 eo
707 1007 818 1059 contra
838 1015 935 1080 quem
955 992 1087 1075 dicitur,
1101 1017 1142 1059 ea
1161 1016 1238 1081 quae
1257 1014 1360 1059 omnes

406 1101 555 1172 oderunt,
577 1097 704 1184 eritque
725 1096 873 1182 quotiens
898 1094 978 1180 quid
1004 1095 1073 1159 fieri
1101 1098 1235 1182 poterit,
1258 1098 1359 1180 singu-

406 1201 508 1266 lorum
528 1197 671 1263 docenda
690 1197 824 1263 utilitas.
869 1196 964 1274 Quod
983 1196 1069 1261 enim
1088 1197 1235 1283 expedit,
1256 1218 1360 1261 omnes

406 1301 596 1390 approbant,
606 1299 665 1364 etsi
676 1300 846 1365 honestum
860 1297 949 1362 aliud
964 1297 1035 1362 aliis
1051 1297 1213 1364 videatur.
1250 1296 1359 1365 Studia

406 1404 569 1470 literarum
586 1400 691 1466 minus
705 1400 834 1465 honoris
845 1412 1008 1464 merentur
1020 1398 1252 1464 mcednoue
1265 1420 1358 1485 quarn

406 1503 555 1572 Athenis:
590 1503 672 1568 forte
694 1503 768 1588 plus
789 1501 953 1588 patientia,
973 1500 1140 1566 fortitudo.
1188 1501 1252 1566 His
1272 1515 1361 1587 rspto

407 1607 513 1672 virere
527 1607 696 1671 honestum
712 1617 771 1680 est,
783 1603 854 1669 aliis
868 1626 947 1670 cura
958 1602 1078 1688 legum,
1090 1604 1264 1691 frugalitas
1277 1605 1359 1692 apud

408 1709 573 1796 Sybaritas
597 1705 740 1772 fortassis
763 1704 840 1769 odio
868 1704 962 1769 foret.
1008 1703 1183 1770 Veteribus
1211 1704 1358 1770 Romanis

407 1832 566 1876 summurn
580 1809 710 1873 luxuria
719 1807 847 1872 crimen.
881 1806 966 1892 Ejus
975 1828 1119 1892 quoque,
1130 1806 1190 1892 qui
1201 1807 1360 1884 laudatur,

407 1911 556 1978 habenda
568 1922 616 1976 est
631 1913 724 1987 ratio,
739 1932 839 1996 quum
855 1908 1007 1993 operibus
1021 1909 1209 1974 necessariis
1221 1911 1361 1996 gratuita

409 2025 496 2076 recte
518 2011 604 2076 facta
631 2009 754 2076 laudem
780 2008 978 2096 praeripiant,
1000 2021 1032 2074 et
1059 2032 1120 2095 pro
1143 2012 1270 2076 ratione
1294 2032 1361 2099 per·

410 2135 572 2192 sonarum,
594 2135 644 2177 res
671 2110 860 2198 plerumque
887 2110 1044 2176 habeatnr
1070 2111 1122 2177 val
1147 2112 1295 2192 botrata,
1315 2109 1361 2178 rel

410 2212 525 2298 turpis.
569 2213 604 2278 Si
625 2235 702 2297 ergo
724 2225 811 2276 recta
833 2212 895 2288 via,
916 2211 950 2276 id
972 2224 1031 2291 est,
1053 2212 1188 2296 virtute,
1208 2215 1271 2280 sihi
1291 2215 1363 2303 qu'n

409 2313 537 2379 laudem
566 2313 722 2389 conciliat,
748 2336 808 2378 suo
837 2313 943 2379 laudis
967 2314 1116 2381 innititur
1142 2316 1377 2383 fundamenta·

412 2417 446 2481 Si
462 2438 535 2480 sero
548 2415 678 2481 aliunde
691 2414 825 2501 gloriam
848 2434 984 2502 quaerat,
999 2416 1094 2504 plane
1107 2417 1239 2506 deripit,
1253 2442 1312 2485 nee
1323 2418 1363 2485 ad

411 2541 494 2596 eam,
520 2540 616 2604 quam
647 2517 775 2582 videtur
804 2519 964 2596 affectare,
990 2521 1163 2607 pertinget
1209 2524 1259 2587 At
1283 2521 1362 2587 inter

411 2623 483 2708 ipsa
502 2620 633 2686 virtutis
653 2643 752 2706 opera
771 2635 940 2687 censentur
963 2623 1075 2710 gloriae
1093 2622 1271 2710 amplioris,
1290 2644 1363 2712 qun

413 2722 455 2789 de
470 2723 678 2801 liberalitatis,
693 2737 751 2788 aut
771 2724 1040 2808 magnanimitatis
1057 2724 1148 2789 fonte
1163 2726 1363 2812 proveniunt.

415 2830 467 2894 Ea
487 2827 570 2892 enim
593 2826 702 2890 favore
726 2825 888 2912 populari,
908 2827 1025 2891 clarius
1050 2823 1242 2908 efferuntur,
1262 2841 1295 2894 et
1318 2828 1365 2894 ri·

417 2929 536 2995 dentur
557 2952 625 2994 esse
651 2928 825 3017 praecipua,
846 2950 921 3014 quae
947 2930 1050 3015 magis
1075 2929 1180 2994 ardua
1209 2945 1296 3014 suut,
1315 2931 1363 2998 rel

416 3052 491 3117 qua
501 3029 650 3117 pluribus
663 3041 808 3116 prosunt.
847 3031 885 3093 In
900 3030 952 3094 his
963 3042 1068 3096 tamen
1084 3030 1180 3117 longe
1194 3032 1364 3099 liberaliter

414 3131 585 3208 antecellit,
607 3155 682 3218 quae
704 3144 736 3197 et
758 3130 854 3195 animi
876 3130 1127 3216 indignationem
1149 3133 1291 3220 mitigat,
1311 3134 1364 3201 dc-

415 3233 608 3299 trshentium
640 3232 765 3319 linguas
789 3232 954 3310 obtundit,
978 3233 1106 3300 cohibet
1131 3235 1230 3300 etiam
1255 3259 1364 3302 manus

412 3336 552 3416 hostiles,
565 3349 597 3401 et
612 3359 633 3399 a
646 3335 726 3400 facie
740 3335 904 3400 hominum
920 3339 1023 3421 operit
1039 3335 1283 3402 multitudinem
1296 3361 1364 3426 pen·

412 3452 566 3503 catorum.
611 3435 678 3510 Qui
704 3461 781 3523 ergo
803 3436 929 3522 linguas
950 3437 1114 3504 hominum
1140 3457 1200 3504 ant
1224 3451 1363 3527 captant,

411 3551 468 3603 aut
493 3552 653 3614 metuunt,
675 3539 845 3606 effundunt
870 3541 1063 3626 patrimonia
1084 3563 1152 3617 sua,
1174 3542 1312 3608 mittunt
1333 3542 1362 3606 in

411 3641 529 3725 vulgus
557 3640 697 3720 missilia,
722 3643 868 3708 convivia
892 3657 1060 3722 extruunt,
1087 3644 1214 3732 pusillis
1240 3664 1274 3712 et
1302 3666 1364 3711 ms·

405 3741 534 3830 joribus
547 3739 732 3824 adulantur,
746 3756 778 3808 et
793 3745 939 3831 plerique
954 3768 1085 3833 porcum
1102 3746 1214 3833 potius
1226 3760 1363 3833 agentes,

409 3865 506 3930 quam
530 3841 702 3925 hominem,
723 3847 1007 3913 comessationibus
1027 3861 1060 3913 et
1084 3846 1298 3915 ebrietatibus
1321 3848 1364 3914 in-

409 3946 537 4026 sistunt,
551 3945 664 4010 mimos
679 3961 711 4011 et
733 3947 901 4013 histriones
920 3949 1040 4027 forent,
1057 3950 1270 4037 nequissimas
1285 3964 1363 4017 artes

409 4061 624 4126 remunerant,
646 4048 823 4116 admittunt
850 4050 1035 4131 nebulones,
1061 4051 1290 4119 maledicorum
1314 4074 1364 4119 es·

409 4150 509 4216 citant
536 4151 663 4235 linguas
692 4149 734 4215 ad
761 4150 954 4238 implendam
984 4154 1189 4240 procacitatis
1211 4180 1280 4222 suae
1301 4176 1364 4221 ms·

410 4252 521 4330 litiam,
536 4253 614 4318 dum
631 4252 789 4317 silentium
808 4276 932 4334 eorum,
945 4269 1002 4321 aut
1024 4255 1184 4324 virulenta
1204 4259 1363 4336 diucius,

407 4359 492 4419 male
504 4353 616 4420 mento
638 4351 777 4417 donatur
797 4356 940 4440 praemio.
986 4361 1071 4423 Sunt
1088 4359 1144 4444 qui
1166 4359 1200 4425 in
1215 4362 1269 4429 his
1282 4380 1366 4428 mss·
