3550 5467
551 701 591 758 48
791 712 928 758 Jortnsts
945 713 1223 758 sannsnsnmnsrs
1358 692 1440 770 [cm.
1458 709 1502 754 vr.

549 866 584 929 Si
609 887 681 929 vero
704 878 788 929 recte
810 867 927 930 fuerint
950 867 1097 943 instituti,
1119 877 1151 929 et
1176 864 1353 927 doctrinam
1380 866 1502 928 exerci-

549 966 668 1029 tatione
704 968 907 1045 firmaveriut,
945 969 1091 1031 honorati
1128 967 1289 1043 incedant,
1326 968 1503 1030 habeantur

548 1067 659 1149 patriae
690 1066 884 1146 defensores,
914 1069 1037 1132 niteant
1067 1069 1166 1144 cultu,
1196 1067 1251 1148 qui
1282 1078 1388 1128 tamen
1419 1067 1502 1128 viros

547 1167 673 1247 deceat,
695 1191 770 1231 nam
800 1171 907 1233 cultus
935 1168 1086 1231 lascivior
1108 1189 1169 1231 nec
1193 1168 1227 1230 in
1249 1168 1396 1229 muliebri
1420 1188 1501 1229 sexu

546 1269 623 1333 vitio
639 1280 734 1348 caret,
751 1283 806 1333 aut
819 1284 905 1333 nota.
951 1270 1072 1333 Crebro
1087 1290 1227 1353 namque
1238 1278 1436 1350 compertum
1453 1279 1503 1331 est

544 1372 698 1448 inbellis,
714 1372 835 1435 militiae
851 1373 1071 1436 lascivientem
1091 1382 1124 1433 ct
1144 1369 1350 1451 splendidum
1367 1391 1500 1453 appara·

545 1484 622 1550 tum,
635 1494 699 1535 non
715 1484 780 1536 tam
796 1473 921 1536 civibus
936 1473 1079 1537 conferre
1095 1472 1272 1543 victoriam,
1285 1492 1379 1553 quam
1391 1473 1501 1533 hostes

546 1574 678 1637 invitare
694 1573 736 1637 ad
751 1574 903 1656 praedam.
948 1574 1045 1637 Unde
1061 1585 1093 1635 et
1110 1573 1286 1650 Hannibal,
1302 1593 1400 1655 quum
1413 1571 1499 1654 apud

544 1694 653 1754 regem
676 1675 871 1738 Antiochum
895 1686 1069 1742 moraretur
1090 1694 1188 1736 causa
1210 1673 1357 1755 profugii,
1374 1672 1499 1735 facetis-

545 1774 625 1837 sime
648 1776 815 1838 cavillatus
837 1787 896 1851 est,
912 1797 986 1855 rege
1007 1785 1188 1838 ostentante
1204 1774 1380 1836 exercitum
1401 1773 1498 1854 insig-

545 1876 640 1938 nibus
672 1877 787 1953 aureis,
816 1886 849 1938 et
885 1875 1044 1955 argenteis
1079 1877 1255 1948 florentem,
1291 1874 1498 1937 inducentem

544 1996 654 2038 currus
674 1995 746 2036 cum
770 1976 917 2052 falcibus,
932 1988 964 2036 et
987 1995 1060 2036 cum
1086 1974 1229 2036 curribus
1251 1976 1452 2056 elephantos,
1470 1987 1501 2038 et

543 2098 672 2140 omnem
697 2077 885 2159 equitatum,
911 2077 1017 2154 frenis,
1042 2077 1215 2159 ephippiis,
1245 2078 1430 2155 monilibus,
1461 2100 1498 2141 ac

545 2178 685 2261 phaleris
704 2178 955 2260 praefulgentem.
1000 2180 1106 2250 Quum
1127 2199 1202 2257 ergo
1222 2200 1278 2240 rex
1300 2183 1501 2262 contempla·

542 2281 629 2343 tione
658 2281 738 2342 tanti
768 2300 806 2343 ac
837 2290 902 2343 tam
932 2281 1033 2343 ornati
1065 2280 1235 2353 exercitus,
1266 2281 1499 2361 gloriabundus

541 2381 759 2444 Hannibalem
782 2383 979 2466 aspexisset:
1004 2383 1155 2458 Putasne,
1177 2383 1294 2465 inquit,
1320 2384 1398 2446 satis
1425 2407 1497 2449 csse

540 2483 696 2546 Romanis
719 2484 788 2548 haec
812 2483 936 2548 omnia?
974 2484 1069 2548 Tunc
1093 2484 1224 2559 Poenus,
1246 2485 1385 2548 illudens
1405 2487 1496 2567 igna-

540 2584 637 2661 viam,
647 2585 885 2670 imbelliamque
901 2588 1035 2650 militum
1051 2586 1121 2671 ejus
1132 2588 1277 2669 preciose
1289 2599 1495 2653 armatomm:

540 2686 652 2763 Plane,
667 2687 783 2770 inquit,
807 2688 883 2750 satis
906 2709 975 2751 esse
999 2687 1107 2763 credo,
1131 2688 1191 2751 etsi
1216 2688 1353 2750 Romani
1377 2690 1492 2751 avaris-

540 2787 612 2849 simi
627 2787 700 2850 sint.
737 2786 862 2870 Lepide
878 2787 1020 2870 quidem,
1036 2789 1182 2863 breviter,
1200 2798 1232 2851 et
1247 2789 1370 2851 acerbe.
1409 2791 1494 2851 Nam

539 2908 598 2950 rex
614 2888 655 2950 de
674 2910 807 2951 numero
822 2890 994 2966 exercitus,
1009 2899 1041 2951 et
1057 2888 1097 2951 de
1118 2883 1305 2953 aestimauda
1320 2890 1495 2972 aequipara·

539 2987 626 3050 tione
643 2988 822 3071 quaesierat,
832 2998 864 3050 et
878 2988 969 3050 illum
984 2988 1087 3070 liquet
1101 2989 1304 3073 respondisse
1320 2988 1360 3050 de
1374 2988 1493 3070 praeda.

541 3088 688 3172 Denique
704 3089 731 3152 si
748 3089 837 3153 Naso
849 3112 868 3152 a
879 3090 992 3152 militia
1004 3090 1080 3151 artis
1092 3111 1158 3152 suae
1171 3102 1266 3164 arcet,
1280 3101 1312 3151 et
1317 3089 1412 3173 jubet
1422 3112 1493 3153 esse

538 3189 649 3273 procul
656 3189 794 3274 juvenes
803 3190 939 3253 inermes
951 3202 987 3252 ut
998 3190 1117 3253 semina
1128 3200 1288 3272 comptos,
1301 3191 1374 3272 quis
1385 3191 1493 3254 credat

539 3312 595 3353 eos
623 3289 664 3353 ad
693 3292 855 3352 robustam
884 3290 1030 3352 militiam
1063 3289 1302 3353 admittendos?
1351 3292 1495 3373 Opifices

537 3391 651 3454 artium
681 3389 874 3468 singularum
905 3389 938 3451 id
968 3410 1071 3451 rerum
1108 3410 1235 3451 suarum
1271 3411 1338 3473 prae
1367 3396 1493 3456 caeteris

536 3500 660 3568 ornant,
685 3511 704 3551 a
733 3489 850 3571 quibus
880 3509 914 3550 se
944 3485 1050 3551 sciunt
1079 3510 1145 3571 prae
1178 3490 1303 3551 caeteris
1332 3488 1493 3555 honorari.

537 3594 635 3660 Unde
656 3593 759 3676 liquet
779 3592 897 3653 milites
919 3601 1064 3674 oportere
1092 3591 1197 3669 armis,
1224 3613 1321 3676 quam
1347 3596 1492 3660 vestibus

535 3695 703 3760 nitidiores
725 3714 803 3756 esse.
849 3694 1004 3758 AEneasa
1023 3693 1133 3774 digitis
1155 3715 1297 3775 gemmas
1315 3694 1356 3757 ad
1372 3719 1493 3774 ensem,

535 3797 628 3860 Virro
658 3794 699 3857 ad
728 3794 847 3878 pocula
874 3795 992 3875 legitur
1022 3796 1231 3859 transtulisse.
1283 3795 1491 3861 Machabaeos

535 3919 665 3984 quoque
702 3906 828 3960 constat
856 3897 990 3980 clypeos
1023 3898 1197 3972 inaurasse,
1228 3910 1261 3961 et
1295 3922 1338 3963 ex
1367 3900 1491 3980 fulgore

534 4023 644 4066 eorum
659 3999 878 4062 fortitudinem
896 4001 1039 4082 gentium
1057 3999 1254 4085 dissipatam.
1300 4004 1368 4065 Eos
1384 4015 1490 4067 tamen

535 4100 686 4165 credibile
710 4112 759 4163 est
774 4113 860 4163 veste
876 4102 1038 4165 communi
1055 4101 1152 4165 fuisse
1174 4115 1353 4167 contentos.
1399 4104 1490 4166 Nihil

534 4202 685 4289 estquod
702 4202 807 4264 minus
823 4200 938 4265 deceat
954 4204 1097 4278 militem,
1116 4225 1210 4287 quam
1235 4206 1340 4268 cultus
1357 4204 1492 4281 mollior,

534 4315 567 4370 et
582 4304 705 4370 deliciae
721 4303 855 4366 vestium
873 4304 1052 4387 exquisita,
1064 4305 1124 4368 nisi
1138 4304 1216 4368 sorte
1234 4326 1305 4368 cum
1322 4304 1489 4367 Thrasone
