3550 5467
402 797 474 844 cae.
491 783 559 863 nn]
768 798 1022 845 eotvcnarrcus.
1297 785 1359 844 als

476 949 555 1002 Nunc
568 957 609 1001 est
620 948 740 1018 prolecto,
753 948 863 1001 interfici
874 966 954 1017 quum
966 965 1009 1000 me
1021 966 1124 1020 possum
1137 952 1253 1020 perpeti:

475 1034 519 1085 Ne
531 1033 580 1085 hoc
591 1033 716 1100 gaudium
727 1033 885 1084 contaminet
897 1033 951 1084 vita
962 1033 1117 1101 aegritudine
1128 1032 1224 1102 aliqua.

475 1119 529 1171 Sed
541 1119 672 1170 neminem
684 1118 726 1170 hic
738 1117 864 1170 curiosum
875 1119 1030 1170 intervenire
1041 1136 1108 1171 nunc
1119 1119 1183 1171 mihi

476 1205 530 1266 Qui
554 1221 597 1256 me
620 1210 750 1272 sequatur,
771 1204 866 1272 quique
883 1204 940 1275 jam
960 1205 1083 1271 rugando,
1102 1205 1237 1270 obtundat,
1256 1208 1360 1270 cmciet,

583 1295 675 1342 enecet

477 1377 549 1438 Quid
558 1327 689 1444 gestiaml
705 1373 817 1441 autquid
825 1373 902 1427 laetus
913 1375 980 1426 um?
999 1393 1049 1443 quo
1059 1380 1182 1447 pergam?
1197 1380 1267 1432 unde
1277 1396 1348 1431 emar

582 1463 660 1530 gam?
679 1460 723 1513 ubi
736 1462 800 1513 siem

475 1549 610 1601 Vestitum
628 1549 695 1601 hunc
710 1550 821 1600 nactus?
841 1547 903 1615 quid
919 1547 983 1599 mihi
1001 1551 1133 1616 quaeram?
1152 1569 1230 1603 sanus
1250 1554 1308 1615 sim,
1328 1570 1360 1603 au

582 1633 726 1685 insanium?

408 1741 631 1821 Interrogatus
646 1736 714 1800 haec
735 1736 852 1810 omnia,
870 1736 942 1798 Imo
961 1759 1033 1820 ego,
1048 1737 1164 1821 inquit,
1186 1752 1217 1802 te
1231 1738 1361 1802 obsecro

408 1840 560 1924 Antipho,
587 1849 624 1902 ut
646 1838 757 1903 audias
780 1837 896 1915 omnia,
919 1836 1031 1901 audias
1051 1837 1137 1903 diem
1159 1839 1287 1915 festum,
1308 1841 1361 1928 ju-

407 1940 549 2004 cundum
566 1952 725 2016 eventum,
742 1962 871 2002 suavem
894 1939 1067 2021 fortunam,
1081 1940 1113 2004 in
1138 1964 1241 2006 aevum
1262 1946 1362 2008 omui-

407 2042 467 2106 bus
482 2041 645 2105 historiam
671 2041 915 2104 memorandam.
964 2043 1008 2104 Et
1029 2043 1077 2106 sui
1095 2066 1225 2130 quoque
1246 2043 1363 2108 luroris

408 2143 576 2207 subtexuit
596 2142 697 2206 dolos.
744 2143 783 2206 Iu
804 2165 928 2206 summa
949 2142 1048 2208 totius
1067 2146 1246 2230 argumenti
1266 2170 1303 2210 eo
1320 2146 1360 2210 ad

407 2267 547 2331 praesens
562 2245 710 2309 universa
732 2245 799 2308 haec
820 2246 957 2309 arbitror
980 2268 1070 2332 posse
1094 2246 1215 2323 referri,
1233 2262 1269 2313 ut
1289 2272 1362 2313 cou-

406 2362 468 2412 stet
491 2370 549 2431 pro
569 2359 668 2424 certo,
683 2349 761 2431 quia
782 2345 929 2410 amicitiae
952 2348 1135 2432 prostitutae
1154 2347 1233 2414 fides
1253 2349 1363 2416 haberi

406 2470 469 2513 noo
494 2449 601 2513 debet.
647 2449 728 2512 Nam
752 2471 825 2534 quae
847 2448 932 2511 venit
954 2471 973 2511 a
995 2450 1172 2516 sinceritate
1195 2451 1304 2530 animi,
1327 2454 1364 2516 fi-

406 2552 498 2624 delis,
511 2563 609 2626 certa,
621 2565 653 2615 et
663 2549 727 2613 lixa
741 2562 804 2619 est;
828 2572 901 2633 quae
912 2549 953 2611 ab
964 2572 1037 2613 arca
1047 2549 1096 2613 vel
1114 2550 1235 2626 loculis,
1251 2549 1362 2630 fluida,

405 2655 540 2729 incerta,
555 2674 697 2727 erronea,
713 2667 745 2714 et
759 2648 925 2714 deficiente
941 2649 1055 2713 viatico
1070 2653 1263 2717 emarcescit.

481 2783 572 2844 Quum
584 2778 687 2832 fortuna
698 2785 786 2830 manet
799 2776 899 2829 vultum
911 2778 1021 2828 servatis
1033 2777 1118 2839 amici,

516 2869 604 2931 Quum
613 2864 716 2927 cecidit,
727 2864 794 2933 turpi
807 2863 908 2914 vertitis
920 2878 965 2912 ora
976 2859 1051 2929 fuga.

409 2980 523 3047 Omnis
544 2979 628 3042 enim
652 2999 701 3039 res
723 2998 796 3061 quae
819 2975 851 3036 in
875 2972 1098 3037 commercium
1120 2973 1216 3048 veuit,
1238 2975 1279 3037 ab
1302 2996 1367 3038 uno

410 3083 525 3147 transit
545 3079 586 3143 ad
610 3079 720 3153 alium,
737 3092 768 3140 et
784 3075 931 3140 ditiorem
948 3088 978 3139 et
1000 3075 1174 3139 avidiorem
1196 3076 1367 3139 comitatur

410 3197 598 3271 emptorem.
644 3186 686 3246 At
709 3179 779 3242 loru
800 3178 862 3240 isto
885 3175 963 3239 nihil
984 3176 1125 3261 iniquius
1146 3188 1204 3253 est,
1220 3198 1366 3262 quorem

411 3285 511 3351 semel
526 3285 653 3349 emissse
670 3303 731 3345 non
744 3279 898 3366 proderit,
912 3281 971 3343 nisi
987 3300 1111 3364 semper
1122 3292 1258 3356 ematur,
1268 3289 1300 3343 et
1312 3276 1366 3341 ubi

409 3387 549 3471 quisque
571 3406 636 3447 rem
660 3383 701 3446 ab
723 3381 784 3444 alio
807 3381 967 3445 venditum
992 3379 1147 3460 vendicat,
1169 3379 1229 3444 nisi
1251 3392 1283 3442 et
1306 3378 1366 3463 ipsi

411 3490 453 3554 da
477 3490 584 3573 precio
606 3485 750 3550 satisfiat.
799 3481 880 3556 Quis
902 3484 985 3547 enirn
1012 3482 1197 3567 popularem
1224 3480 1364 3546 favorem

413 3587 612 3652 vendiderit?
652 3587 682 3649 Si
700 3585 828 3669 publice
844 3585 1010 3648 habendus
1025 3597 1083 3659 est,
1100 3599 1224 3651 ematur
1239 3585 1280 3649 ab
1296 3584 1364 3649 uni·

415 3687 521 3751 versis.
568 3682 708 3767 Singulis
723 3684 805 3745 enim
830 3704 891 3745 non
913 3683 985 3747 licet
1006 3683 1135 3770 publica
1155 3684 1239 3749 bona
1253 3684 1367 3749 distra-

414 3791 497 3853 here.
553 3789 591 3849 ln
622 3785 782 3870 proverbii
812 3808 944 3869 quoque
974 3786 1234 3850 consuetudinem
1262 3786 1365 3850 veuit:

413 3893 490 3977 quio
511 3891 641 3953 incauta
662 3885 789 3969 largitio
812 3886 988 3949 nonhabet
1012 3886 1158 3951 fundum.
1211 3889 1368 3953 Praeterea

415 4017 511 4077 quem
542 3989 709 4076 popularis
732 3989 823 4050 favor
847 3988 886 4052 ad
915 4011 1047 4052 munera
1076 3990 1204 4065 extulit,
1232 3993 1258 4054 si
1288 3990 1370 4052 forte

412 4093 585 4160 Thrasonis
607 4114 694 4155 more
716 4104 854 4174 emptam
877 4090 1094 4155 celebritatem
1117 4090 1231 4175 exigit,
1252 4104 1366 4152 coutu-

415 4195 515 4257 meliis
530 4192 692 4267 affectum,
709 4191 826 4253 honore
842 4191 1025 4275 spoliatum,
1041 4192 1139 4255 Thais
1155 4190 1256 4252 altera
1271 4187 1369 4264 fama,

416 4310 449 4360 et
473 4299 587 4382 quavis
614 4293 742 4358 Thaide
769 4293 874 4355 minus
900 4292 975 4367 lida,
997 4316 1016 4355 a
1042 4303 1217 4376 praeempto
1244 4288 1372 4352 honoris

418 4399 523 4482 gradu
546 4410 643 4475 arcet,
665 4395 827 4481 deprimit,
849 4408 880 4457 et
910 4394 1046 4478 repellis.
1092 4390 1229 4456 Insultat
1257 4388 1373 4468 rivalis,
