3550 5467
533 635 575 694 80
789 644 926 689 scaurus
941 642 1218 688 sinnsnanmusis
1339 621 1425 706 [sin.
1442 639 1489 684 vr.

604 797 713 852 Pectore
724 797 746 849 sl
758 795 845 849 trouu
856 794 981 863 gladium,
989 792 1132 866 juguloque
1144 792 1259 865 parentis

603 881 724 935 Condere
735 899 778 934 me
786 880 891 951 jubeas,
902 878 1038 950 plenaeque
1050 880 1077 930 in
1089 880 1188 931 viscere
1198 890 1288 948 portus

603 967 741 1038 conjugis,
751 967 833 1018 inrita
844 982 967 1037 peragam
979 971 1075 1016 tamem
1087 964 1173 1016 omniu
1185 963 1289 1016 dextra.

603 1056 698 1108 Castra
708 1070 784 1125 super
795 1051 875 1104 Tusci
888 1051 910 1102 si
922 1066 1017 1122 ponere
1029 1048 1153 1118 Tybridis
1164 1047 1257 1111 undas,

606 1138 750 1209 Hesperios
761 1135 849 1188 audax
861 1137 964 1187 veniam
977 1141 1086 1187 metator
1098 1135 1125 1186 in
1137 1150 1223 1201 agros.

604 1222 648 1275 Tu
660 1238 825 1292 quoscunque
838 1218 909 1271 voles
921 1220 948 1270 in
962 1217 1066 1290 plenum
1078 1216 1211 1269 effimdere
1221 1233 1318 1281 muros,

605 1308 658 1360 His
670 1309 737 1360 aries
749 1312 823 1359 actus
834 1305 968 1376 disperget
979 1321 1044 1356 sexa
1055 1302 1168 1356 lacertis.

605 1393 658 1446 lllo
668 1392 740 1457 licet,
752 1392 856 1465 penitus
867 1389 923 1443 tolli
935 1408 1013 1461 quam
1021 1390 1130 1460 jusseris
1141 1390 1240 1452 urbem,

604 1480 691 1532 Roma
702 1480 745 1531 sit

534 1600 621 1676 Quid
643 1600 781 1685 nequius
804 1598 869 1662 dici
892 1597 1007 1682 potuit,
1022 1606 1055 1660 et
1076 1596 1162 1660 unde
1185 1595 1285 1676 magis
1301 1593 1444 1672 deberet,
1457 1593 1487 1658 si

533 1703 639 1767 fidelis
667 1711 762 1780 esset,
791 1701 957 1764 Romanus
986 1702 1162 1782 Imperator
1190 1694 1334 1761 offendi?
1374 1697 1416 1759 In
1446 1717 1487 1759 eo

532 1824 671 1886 namque
693 1803 865 1865 sceleratus
888 1801 980 1863 miles
996 1798 1073 1862 fidei
1095 1820 1161 1862 suae
1182 1797 1278 1861 fidem
1298 1797 1403 1860 fecere
1418 1808 1486 1860 stu·

533 1902 614 1980 duit,
638 1900 724 1964 unde
750 1901 890 1983 seipsum
919 1900 1058 1964 maxime
1081 1899 1245 1963 infidelem
1270 1909 1303 1960 et
1325 1897 1486 1982 perfidum

533 2026 605 2068 esse
631 2002 802 2066 convincit
847 2002 969 2082 Magna
994 2000 1125 2086 quidem
1150 2001 1326 2065 reverentia
1350 2000 1488 2064 debetur

533 2106 621 2184 duci,
644 2104 702 2168 sed
728 2103 802 2167 fidei
828 2103 979 2185 religione
1005 2115 1137 2167 serrata.
1182 2101 1338 2176 Quaedam
1359 2102 1405 2166 ita
1428 2122 1488 2165 ne·

533 2205 671 2271 cessaria
686 2218 770 2281 sunt,
785 2219 819 2267 ut
839 2203 1022 2266 mandatum
1043 2226 1108 2266 non
1131 2214 1325 2287 expectent3
1351 2202 1416 2266 alia
1437 2202 1485 2266 sic

534 2306 747 2382 detestabilia,
775 2318 811 2370 ut
839 2306 962 2368 nullum
992 2306 1123 2370 omnino
1153 2305 1338 2371 mandatum
1367 2303 1485 2368 admit·

532 2421 612 2473 tant
662 2408 773 2471 Media
802 2407 932 2492 quidem
962 2430 1035 2490 quae
1064 2430 1170 2493 neque
1200 2418 1274 2471 sunt
1302 2406 1487 2470 necessaria

532 2514 628 2587 bona,
653 2532 712 2573 nec
739 2510 941 2574 detestabilia
970 2513 1064 2589 mala,
1091 2513 1271 2575 consistunt
1295 2510 1329 2572 in
1353 2507 1486 2572 arbitrio

532 2611 741 2696 praesidentis
786 2611 873 2674 Velit
902 2611 983 2674 nolit
1011 2612 1193 2697 prefectus,
1219 2632 1262 2675 ex
1291 2610 1485 2675 necessitate

532 2714 621 2792 boni,
637 2712 818 2795 diligendus
834 2723 882 2777 est
899 2715 997 2777 Deus.
1042 2714 1129 2778 Velit
1147 2714 1229 2776 nolit
1245 2713 1426 2796 prefectus,
1441 2731 1486 2775 ex

532 2815 654 2879 malitia
674 2815 862 2897 iniquitatis,
877 2827 926 2877 est
947 2814 1136 2878 adulterium
1160 2812 1398 2879 declinandum.
1442 2813 1487 2875 At

532 2917 679 2994 militare,
704 2919 753 2981 vel
783 2940 847 2981 non
878 2920 1025 2997 militare,
1050 2920 1160 2998 egredi
1190 2920 1239 2982 rel
1267 2939 1332 2982 non
1363 2916 1486 2999 egredi,

532 3030 712 3104 caeteraquc
729 3042 801 3102 quai
824 3021 1008 3104 philosophi
1033 3021 1246 3085 indifferentia
1267 3030 1427 3103 reputant,
1443 3017 1486 3082 ad

531 3123 693 3208 praepositi
721 3123 919 3202 diligentiam
946 3136 977 3186 et
1003 3124 1208 3187 reverentiam
1239 3132 1397 3206 spectant.
1444 3122 1484 3184 In

532 3226 593 3303 his,
607 3226 670 3289 nisi
689 3223 839 3286 mandato
861 3222 1072 3304 presidentis,
1088 3228 1216 3289 oculum
1237 3226 1370 3307 aperire,
1386 3224 1486 3288 instar

531 3325 677 3389 criminis
706 3336 765 3396 est,
790 3336 845 3386 aut
870 3345 912 3386 ex
941 3326 1075 3391 scientia
1105 3348 1162 3391 sua
1190 3327 1232 3391 ad
1261 3327 1485 3411 cujuscunque

533 3424 639 3510 operis
661 3424 796 3486 fructum
823 3445 952 3487 manum
978 3426 1183 3491 irreverenter
1205 3428 1390 3492 extendere.
1435 3425 1487 3489 Sit

533 3547 641 3591 caecus
652 3525 686 3587 in
697 3525 758 3589 hac
771 3536 859 3607 parte
872 3527 1035 3610 subjectus
1047 3540 1082 3592 ut
1096 3531 1191 3605 vivat,
1204 3530 1278 3613 quia
1291 3547 1485 3614 quacunque

533 3627 586 3693 die
601 3627 691 3712 quasi
707 3648 749 3690 ex
762 3628 891 3711 propria
906 3628 1096 3694 discretione
1113 3632 1155 3694 ad
1169 3633 1312 3695 arborem
1329 3630 1489 3705 scientiae,

533 3751 628 3817 quam
651 3727 712 3792 sibi
732 3742 764 3792 et
785 3732 926 3813 praelatis
945 3744 1084 3795 reservat
1098 3733 1269 3808 Dominus,
1285 3733 1488 3796 temerariam

533 3853 662 3896 menum
678 3832 809 3908 miserit,
824 3834 975 3917 laqueum
991 3835 1101 3897 mortis
1115 3835 1256 3898 incurrit.
1295 3833 1382 3907 Quid
1398 3833 1488 3897 enim

532 3935 665 4010 bonum,
679 3944 734 3996 aut
753 3936 872 3997 malum
894 3935 926 3997 in
949 3936 1067 4000 talibus
1090 3937 1140 4012 sit,
1157 3960 1223 4001 non
1242 3937 1319 4000 licet
1334 3935 1487 4019 judicare

533 4035 698 4120 subjectis,
709 4034 784 4097 dum
797 4037 893 4118 plena
905 4037 1081 4100 reverentia
1092 4039 1270 4122 praepositis
1282 4037 1490 4113 exhibeatur,

532 4148 565 4202 et
587 4136 692 4200 fidelis
715 4135 898 4199 obedientia
921 4138 1151 4203 mandatorum.
1196 4141 1335 4204 Militem
1354 4160 1432 4219 ergo
1453 4140 1489 4202 iu

533 4241 683 4304 omnibus
711 4239 773 4314 his,
798 4260 869 4322 quae
900 4239 940 4302 ad
971 4253 1086 4305 statum
1116 4243 1282 4327 publicum
1311 4241 1489 4325 pertinent,
