3550 5467
404 755 474 800 car·
489 739 576 819 xrs]
773 753 1026 802 mercatrices.
1305 741 1365 801 129

405 908 493 971 omni
510 909 651 972 verbulo
670 908 796 990 longam
821 908 998 970 orationem
1019 905 1204 991 subjiciunt,
1221 927 1257 969 ac
1280 906 1307 968 si
1322 905 1364 968 ad

405 1010 514 1075 omnia
523 1031 600 1093 qnae
607 1021 800 1093 quoeruntur,
810 1030 914 1072 sermo
926 1008 967 1072 sit
975 1006 1016 1071 ad
1022 1010 1176 1091 populum
1185 1007 1362 1071 faciendus.

406 1111 612 1193 Regulariter
626 1108 785 1195 siquidem
800 1110 963 1193 proditum
979 1121 1038 1184 est,
1056 1108 1143 1192 quod
1158 1109 1212 1194 qui
1224 1110 1297 1192 plus
1313 1110 1361 1171 vel

407 1211 512 1275 minus
534 1209 711 1294 respondet
725 1231 822 1293 quam
845 1209 997 1293 quaeritur
1010 1210 1050 1273 ab
1073 1231 1123 1286 eo,
1137 1209 1254 1272 lineam
1276 1222 1361 1271 recte

407 1308 595 1395 disputandi
616 1310 751 1392 ignorat.
798 1310 957 1373 caeterum
980 1331 1079 1393 quum
1102 1311 1174 1393 quis
1197 1309 1362 1373 docendus

407 1420 465 1489 eat,
485 1412 543 1474 illa
567 1423 642 1474 sunt
663 1410 801 1474 dicenda
821 1410 989 1486 duntaxat,
1008 1432 1079 1494 quae
1102 1411 1269 1474 solutionis
1290 1432 1360 1494 pro

407 1512 585 1594 positorum
607 1509 840 1575 adminiculum
870 1521 1032 1595 praestant.
1078 1511 1175 1575 Unde
1197 1512 1280 1589 illos,
1305 1512 1359 1594 qui

408 1612 442 1674 in
470 1611 606 1692 singulis
629 1612 741 1692 legunt
766 1611 884 1687 omnia,
908 1623 939 1674 et
965 1610 1041 1672 dnm
1070 1631 1169 1673 unum
1199 1610 1360 1694 quaritur,

408 1711 555 1775 nituntur
570 1711 679 1775 omnia
693 1711 858 1795 expedire,
874 1713 1005 1794 planum
1021 1722 1069 1774 est
1080 1720 1165 1775 recte
1177 1710 1359 1774 docentium

408 1813 576 1877 t'ormulam
597 1835 664 1876 non
686 1824 806 1876 tenere.
851 1815 918 1877 Ant
940 1813 1026 1876 enim
1055 1812 1202 1875 nesciunt
1224 1812 1298 1897 quis
1319 1813 1362 1875 sit

409 1926 495 1978 recte
515 1913 652 1979 docendi
675 1914 799 1992 modus,
815 1924 870 1977 aut
891 1914 1144 1977 dissimulatione
1166 1915 1262 1977 officii
1284 1936 1358 1977 ven·

410 2015 516 2078 ditant
530 2015 608 2078 sorte
628 2015 757 2098 ingenia
772 2036 839 2076 sua.
883 2015 929 2077 Et
944 2026 979 2077 ut
993 2015 1038 2077 ait
1060 2016 1186 2093 Cicero,
1201 2037 1263 2077 nou
1281 2015 1359 2099 quid

409 2115 574 2198 proposita
589 2112 770 2200 disciplina,
787 2114 844 2178 sed
860 2116 938 2200 quid
952 2116 1015 2198 ipsi
1028 2129 1170 2200 possunt,
1187 2128 1357 2182 ostentant.

410 2215 473 2288 Qui
488 2237 566 2298 ergo
578 2217 825 2298 Porphyriolum
836 2218 983 2281 omnibus
994 2218 1205 2303 philosophiae
1215 2219 1359 2302 partibus

407 2319 543 2402 replent,
564 2317 868 2382 introducendorum
883 2319 1064 2384 obtundunt
1083 2321 1221 2402 ingenia,
1237 2343 1357 2386 memo·

408 2419 485 2482 riam
505 2420 646 2482 turbant.
691 2421 737 2482 Et
758 2421 813 2504 qui
838 2420 1052 2484 instituendus
1077 2435 1154 2498 erat,
1177 2434 1264 2485 tanta
1289 2445 1357 2505 gra·

409 2520 504 2583 ritate
519 2522 719 2597 concutiunt,
737 2534 772 2584 ut
794 2543 874 2584 onus
889 2533 1013 2605 reputet
1035 2522 1248 2605 importabile,
1270 2525 1357 2608 quod

408 2621 561 2704 suscepit
621 2622 750 2684 Divinae
781 2623 906 2705 paginae
936 2619 1046 2697 libros,
1075 2643 1209 2704 quorum
1240 2625 1356 2705 singuli

408 2721 516 2805 apices
535 2720 654 2784 divinis
669 2723 756 2805 pleni
772 2733 845 2785 sunt
867 2723 1085 2796 sacramentis,
1101 2733 1189 2784 tanta
1203 2724 1357 2803 gravitate

407 2821 560 2904 legendos
575 2822 653 2885 sorte
663 2824 887 2901 concesserim,
903 2844 942 2884 eo
956 2821 1042 2906 quod
1051 2822 1218 2884 thesaurus
1229 2822 1357 2904 spiritus

407 2924 519 2998 sancti,
550 2923 640 3006 cujus
670 2923 771 3005 digito
801 2924 912 3006 scripti
941 2935 1028 2998 sunt,
1059 2923 1190 2986 omnino
1220 2938 1357 3006 nequeat

407 3023 577 3087 exhauriri.
622 3023 714 3088 Licet
728 3026 812 3088 enirn
830 3023 870 3087 ad
883 3045 981 3088 unum
998 3024 1216 3087 tantummodo
1228 3046 1357 3089 sensum

408 3123 651 3189 accommodata
665 3124 706 3189 sit
720 3122 906 3208 superficies
920 3127 1029 3202 literae,
1040 3114 1256 3209 multiplicitas
1272 3148 1356 3210 mys·

407 3226 558 3288 teriornm
586 3225 778 3289 intrinsecus
806 3228 892 3289 latet.
938 3227 983 3289 Et
1005 3227 1045 3289 ab
1076 3227 1190 3289 eadem
1210 3247 1242 3289 re
1271 3249 1358 3311 saepe

408 3324 558 3406 allegoria
566 3322 675 3401 fidem,
686 3326 864 3408 tropologia
875 3345 978 3388 mores
989 3325 1082 3388 variis
1094 3324 1197 3388 modis
1207 3325 1354 3390 aedificat.

408 3428 559 3507 Anagoge
575 3446 702 3510 quoque
713 3426 933 3509 multipliciter
944 3447 1067 3489 sursum
1080 3426 1180 3504 ducit,
1189 3440 1225 3490 ut
1234 3429 1356 3492 literam

408 3545 471 3589 non
493 3525 590 3589 modo
621 3525 736 3602 verbis,
758 3527 816 3589 sed
838 3527 933 3589 rebus
955 3526 1033 3611 ipsis
1055 3528 1207 3591 instituat.
1252 3531 1295 3591 At
1322 3531 1356 3592 in

407 3623 593 3690 liberalibus
609 3625 797 3709 disciplinis,
806 3627 860 3689 ubi
875 3649 942 3690 non
954 3648 1014 3705 res,
1025 3626 1083 3690 sed
1094 3627 1252 3694 duntaxat
1261 3632 1357 3694 verba

408 3726 601 3808 significant,
620 3728 766 3812 quisquis
786 3748 844 3809 pro
864 3749 961 3792 sensu
979 3729 1092 3791 litterae
1108 3742 1275 3795 contentus
1289 3755 1355 3796 non

408 3838 466 3904 est,
487 3828 633 3890 aberrare
655 3827 733 3890 mihi
754 3826 890 3904 videtur,
912 3838 968 3892 aut
991 3829 1032 3891 ab
1054 3830 1262 3912 intelligentia
1277 3835 1356 3896 veri-

410 3927 493 4004 tatis,
515 3948 580 4011 quo
603 3928 722 3990 diutius
743 3939 919 4006 teneantur,
942 3951 976 3992 se
999 3931 1079 3994 selle
1101 3953 1175 3995 suos
1197 3934 1356 3997 abducere

408 4026 579 4091 auditores.
623 4027 734 4102 Plane,
745 4028 989 4111 Porphyriolum
997 4031 1141 4112 ineptum
1159 4033 1253 4095 credo
1269 4034 1295 4095 si
1312 4034 1356 4094 ita

408 4128 586 4212 scripsit,ut
597 4148 709 4190 sensus
720 4127 790 4210 ejus
801 4128 939 4211 intelligi
950 4143 1096 4214 nequeat,
1104 4132 1164 4195 uisi
1176 4133 1356 4205 Aristotele,

408 4226 553 4301 Platone,
569 4238 602 4290 et
620 4227 749 4290 Plotino
764 4230 922 4311 perlectis.
967 4231 1082 4293 Valeat
1097 4232 1289 4314 quicumque
1305 4253 1355 4292 me

408 4327 440 4388 in
451 4328 592 4410 aliquam
600 4324 949 4410 discipliuamdisponit
957 4327 1356 4409 introducerecompendio

450 4444 524 4489 von.
542 4446 583 4488 ιν.
876 4445 898 4488 a
