3550 5467
554 754 613 813 182
806 771 940 815 Joasurs
956 769 1234 814 sanusauruausrs
1347 757 1430 830 [aiu.
1447 775 1498 835 vu.

553 921 606 986 tioe
621 922 765 986 devitant
792 921 967 1005 angustias,
991 934 1028 983 ut
1052 921 1116 985 vita
1136 943 1245 984 eorum
1264 935 1332 985 tota
1349 924 1502 988 nonnullis

554 1025 688 1088 tentatio
703 1024 859 1087 videatur.
908 1021 1015 1085 Sancti
1032 1021 1188 1107 siquidem
1205 1037 1315 1109 patres
1330 1041 1501 1109 genusteu·

554 1127 683 1188 tationis
713 1125 886 1200 diffiniunt,
922 1146 1022 1211 quum
1046 1125 1119 1209 quis
1147 1126 1348 1208 agendorum
1372 1126 1502 1195 habenas

551 1226 660 1290 divino
671 1228 830 1291 duntaxat
843 1226 1013 1289 committit
1026 1225 1189 1302 miraculo,
1205 1226 1351 1290 humano
1366 1230 1499 1295 nondum

548 1329 670 1392 auxilio
699 1328 883 1393 destitutus.
929 1331 1090 1392 Caeterum
1120 1350 1179 1411 ego
1203 1329 1302 1392 vitam
1325 1329 1497 1416 placentem

549 1432 619 1493 Deo
642 1431 779 1496 arbitror
800 1429 987 1515 cupiditatis
1009 1429 1162 1512 ignaram,
1194 1428 1392 1494 insistentem
1416 1433 1496 1496 iuno

550 1534 674 1609 centiae,
690 1547 722 1597 et
745 1532 931 1618 pervigilem
956 1532 986 1595 in
1009 1554 1105 1617 opere
1125 1532 1276 1596 caritatis.
1324 1531 1415 1607 Quid
1431 1558 1499 1613 ergo

549 1634 580 1698 iu
598 1635 773 1715 bisantia
797 1633 869 1710 illis,
892 1633 952 1697 sibi
974 1631 1106 1718 palliata
1124 1633 1302 1718 hypocrisis
1326 1634 1498 1700 vendicabit

549 1737 726 1821 cupiditate
748 1735 910 1798 deducta?
940 1738 1066 1818 Regula
1093 1756 1230 1820 namque
1261 1735 1426 1799 verissima
1445 1753 1497 1812 est,

550 1839 636 1922 quod
660 1840 700 1900 de
723 1838 827 1900 radice
849 1836 990 1901 caritatis
1019 1859 1080 1900 nou
1110 1837 1261 1899 oriuntur
1291 1837 1388 1912 mala,
1410 1852 1441 1904 et
1463 1839 1498 1903 de

547 1939 733 2023 cupiditatis
748 1939 856 2022 planta
871 1960 1073 2022 nequaquam
1089 1937 1171 2000 bona
1187 1939 1387 2021 provenient.
1435 1939 1496 2005 Nec

547 2053 594 2103 est
610 2041 697 2125 quod
709 2039 874 2124 displiceat
889 2041 967 2119 Deo,
978 2039 1033 2102 ubi
1044 2038 1172 2103 sinceras
1182 2038 1360 2104 voluntatis
1376 2041 1497 2107 victima

547 2141 748 2204 immolatur:
773 2155 829 2204 aut
842 2141 928 2225 quod
944 2163 1017 2204 eum
1034 2161 1097 2203 non
1106 2139 1258 2213 offendat,
1275 2142 1302 2204 si
1314 2141 1347 2204 in
1359 2143 1496 2227 qualibet

548 2243 661 2326 pingui
676 2242 845 2316 oblatione,
862 2247 1025 2328 propriam
1040 2244 1070 2305 ei
1089 2242 1162 2327 quis
1177 2242 1375 2307 subtraxerit
1390 2245 1496 2310 voluu-

549 2356 656 2407 tatem.
703 2345 792 2427 Ergo
810 2344 864 2429 (μή
887 2367 975 2407 suam
1000 2344 1194 2408 voluntatem
1222 2341 1327 2408 facere
1349 2344 1496 2432 disponit,

547 2446 650 2511 irritat
668 2446 854 2521 Dominum,
870 2459 903 2509 et
923 2447 979 2531 qui
996 2469 1054 2509 sua
1071 2445 1247 2531 postposita
1267 2445 1357 2511 illius
1378 2469 1412 2511 se
1427 2448 1497 2514 sub·

542 2546 614 2633 jieit
642 2547 810 2622 voluntati,
837 2546 1036 2611 Altissimum
1061 2547 1175 2632 placat.
1222 2551 1259 2611 ln
1286 2549 1495 2637 eosiquidem

546 2650 613 2714 solo
636 2672 719 2714 verae
735 2650 872 2735 justitias
896 2672 1021 2713 summa
1042 2649 1196 2715 consistit.
1243 2648 1339 2715 Unde
1361 2651 1444 2718 illud
1464 2653 1494 2717 ia

547 2752 738 2836 Evangelio:
755 2753 778 2814 J
783 2751 924 2815 udicium
938 2774 1055 2826 meum,
1068 2751 1172 2836 inquit
1187 2751 1360 2831 Dominus,
1370 2753 1494 2838 justum

544 2868 603 2930 est,
616 2856 762 2941 quianon
776 2852 1075 2928 suamvoluntatem,
1090 2875 1189 2915 meam
1203 2851 1257 2915 sed
1268 2853 1341 2937 ejus
1352 2853 1493 2920 volunta·

544 2970 618 3028 tem,
629 2955 684 3041 qui
697 2954 780 3017 misit
793 2976 852 3016 me.
876 2957 1007 3037 Moyses
1017 2976 1148 3038 quoque
1161 2957 1191 3016 in
1207 2955 1365 3018 levitico:
1384 2957 1491 3019 Omnis

541 3056 671 3128 oblatio,
695 3079 769 3141 quae
790 3055 925 3118 offertur
940 3055 1089 3130 Domino,
1112 3056 1233 3141 absque
1256 3056 1416 3121 fermento
1430 3057 1491 3132 liet,

543 3181 600 3221 nec
622 3161 794 3242 quicquam
818 3157 964 3220 fermenti
986 3179 1022 3220 ac
1038 3156 1141 3222 mellis
1155 3156 1340 3222 adolebitur
1355 3163 1387 3224 iu
1404 3161 1492 3225 sacri·

544 3260 614 3323 ficio
630 3263 770 3324 Domini.
815 3259 982 3345 Superbiae
998 3281 1136 3343 namque
1150 3259 1344 3325 fermentum
1360 3262 1491 3328 offertur

541 3360 1490 3445 etmellis,quumquisueglectahumilitate,etamaritudiue

540 3460 1049 3546 mandatorum,quippiamoffert
1060 3463 1100 3526 ad
1111 3465 1374 3548 autumpropriae
1384 3466 1490 3530 voluu-

540 3561 621 3625 tatis.
668 3561 730 3636 Qui
748 3583 822 3624 vero
842 3563 999 3627 mandatis
1015 3564 1164 3649 legitimis
1184 3567 1347 3650 propriam
1363 3567 1487 3653 subjicit

539 3666 744 3733 voluntatem,
768 3665 922 3748 quicquid
945 3666 1069 3742 offerat,
1100 3682 1255 3731 tumorem
1287 3667 1436 3733 fermenti
1457 3683 1486 3732 et

540 3761 650 3840 mellis,
665 3787 683 3826 a
703 3762 854 3828 sacrificio
875 3767 1070 3850 prohibitam
1087 3768 1204 3832 scilicet
1220 3767 1365 3834 excludit
1388 3770 1488 3834 dulce·

537 3867 652 3930 dinem.
699 3867 756 3931 lsti
779 3869 889 3955 itaque
912 3871 1050 3955 propriae
1077 3870 1252 3934 voluntatis
1280 3873 1487 3947 immemores,

535 3983 715 4056 quaerentes
727 3970 851 4054 jugiter
866 3971 1026 4057 quomodo
1042 3972 1185 4058 placeant
1201 3971 1241 4048 ei,
1261 3973 1313 4037 cui
1329 3997 1363 4038 se
1380 3973 1487 4060 proba-

537 4084 660 4150 verunt,
677 4071 814 4148 laudem,
827 4097 899 4159 quae
910 4073 950 4136 ab
962 4073 1144 4136 hominibus
1154 4087 1213 4147 est,
1226 4089 1483 4143 contemnentest

535 4199 590 4239 nec
598 4175 823 4254 babentes,uec
831 4174 971 4237 volentes
983 4173 1244 4248 baberedivitias,
1258 4198 1356 4260 quam
1365 4173 1484 4240 dicendi

533 4292 606 4340 sunt
624 4278 739 4340 babere
754 4298 826 4338 cum
845 4274 1032 4359 llypocritis
1044 4273 1246 4358 portionem?
1271 4276 1368 4352 Quod
1387 4292 1484 4342 tamen

533 4378 706 4455 miraberis,
722 4379 789 4463 jam
806 4378 847 4441 ad
865 4376 1105 4442 Cartltusienses
1121 4376 1288 4441 divertisse
1314 4378 1423 4445 dictus
1442 4391 1482 4441 est
