3550 5467
330 744 395 791 ete.
410 733 500 812 rum]
687 748 939 797 nosrcnarrcus.
1244 741 1286 798 49

325 899 362 963 ad
384 903 598 966 munitionem
620 901 754 965 Thaidis
772 902 1034 984 expugnandam,
1049 904 1166 968 Veneri
1185 905 1281 969 dero·

322 1003 398 1067 verit
412 1004 563 1068 militiam
578 1024 681 1081 suam,
695 1005 801 1067 Marte
821 1012 1018 1088 contempto.
1065 1005 1182 1070 Sordes
1198 1028 1278 1090 quo·

322 1124 381 1187 que
403 1103 545 1168 ritandae
567 1114 652 1182 sunt,
665 1116 698 1167 et
715 1101 939 1182 mediocritati,
953 1125 1026 1188 quae
1045 1126 1141 1168 aureo
1156 1105 1279 1169 incedit

322 1205 457 1284 tramite,
475 1205 599 1291 jugiter
623 1202 845 1269 insistendum.
892 1205 966 1268 Hoc
998 1217 1102 1269 autem
1133 1207 1204 1268 volo
1230 1208 1277 1272 ire

320 1327 507 1390 persuasum
529 1307 734 1384 nostratibus,
750 1306 776 1368 si
798 1318 1019 1383 exerceantur,
1041 1307 1187 1371 virtutem
1211 1329 1276 1371 non

321 1408 444 1489 deesse,
459 1431 533 1494 quae
547 1421 653 1474 tamen
670 1409 852 1493 frequenter
866 1409 1039 1487 intercidit,
1054 1411 1082 1473 si
1097 1431 1163 1474 non
1179 1410 1274 1474 disci-

316 1511 407 1594 plina
435 1511 586 1576 firmatur.
630 1512 739 1573 Artem
769 1531 842 1574 vero
871 1511 918 1574 rei
944 1512 1098 1590 militaris,
1124 1512 1275 1577 Lacedae-

319 1613 419 1676 monii
443 1612 611 1677 tradidisse
634 1612 791 1676 dicuntur.
839 1612 936 1676 Unde
962 1624 995 1676 et
1018 1612 1184 1677 Hannibal
1208 1615 1273 1677 lta·

318 1713 393 1777 liam
424 1714 592 1798 petiturus,
617 1711 902 1777 Lacedaemonium
933 1714 1079 1798 quaesivit
1108 1712 1273 1778 ductorem

317 1834 484 1878 armorum.
529 1813 594 1888 Qui
624 1813 784 1878 desiderat
806 1835 932 1898 pacem,
961 1826 1118 1899 praeparet
1143 1816 1272 1879 bellum.

318 1912 381 1989 Qui
396 1914 559 1980 victoriam
579 1914 681 1998 cupit,
695 1913 861 1995 diligenter
883 1914 1006 1978 imbuat
1020 1916 1161 1979 militem.
1207 1916 1272 1989 Qui

317 2014 477 2080 secundos
506 2027 596 2100 optat
624 2025 767 2092 eventus,
796 2015 929 2079 dimicet
964 2027 1042 2090 arte,
1079 2038 1145 2080 non
1183 2038 1270 2081 casu.

316 2119 423 2183 Nemo
441 2138 629 2203 provocare,
642 2138 739 2180 nemo
761 2115 923 2180 offendere
947 2117 1076 2193 audeat,
1092 2140 1187 2203 quem
1209 2120 1270 2184 scit

315 2220 510 2305 superiorem
532 2221 609 2296 lore,
624 2219 652 2282 si
671 2230 805 2302 pugnet.
849 2219 1062 2284 Athenienses
1083 2243 1183 2285 unum
1203 2242 1269 2305 prae

314 2321 439 2386 caeteris
453 2320 622 2385 mandasse
638 2319 802 2396 militibus,
818 2320 915 2404 prisci
930 2322 1104 2405 loquuntur
1118 2323 1266 2386 annales:

314 2423 411 2486 Miles
437 2421 580 2485 nondum
608 2420 758 2484 emeritus
783 2421 938 2484 exercitio
964 2432 997 2485 et
1021 2423 1125 2486 labori
1148 2422 1268 2507 jugiter

313 2532 486 2586 assuescat
532 2522 616 2585 Nam
635 2520 705 2584 haec
730 2521 833 2584 solent
852 2523 884 2584 iu
908 2523 1022 2586 castris
1040 2523 1220 2600 sanitatem,
1235 2535 1267 2586 et

312 2624 346 2688 in
360 2624 513 2689 conflictu
528 2632 677 2708 prestare
691 2621 864 2686 victoriam.
913 2622 1015 2686 lidem
1037 2644 1107 2685 eam
1130 2621 1266 2687 tradide-

312 2733 397 2802 runt,
419 2723 498 2809 quia
518 2723 553 2785 in
574 2721 735 2806 peditibus
756 2725 854 2786 robur
875 2723 1022 2786 consistit
1042 2722 1213 2801 exercitus,
1234 2734 1267 2786 et

311 2846 483 2910 parumper
512 2836 621 2910 aptum
651 2845 721 2888 esse
746 2825 881 2902 militiae,
908 2823 975 2908 qui,
1000 2824 1065 2886 nisi
1090 2844 1190 2908 eques
1215 2824 1266 2902 sit,

309 2948 452 3011 pugnare
475 2948 540 2990 non
564 2927 663 2990 novit.
709 2929 924 2992 Veruntamen
948 2948 1009 2991 nec
1031 2926 1183 3005 exerceri,
1202 2948 1263 2993 noc

309 3028 351 3093 ad
365 3050 506 3113 pugnam
522 3039 653 3092 vocatur
667 3029 796 3107 utiliter,
811 3027 863 3092 cui
886 3028 1048 3113 stipendia
1066 3049 1130 3090 nou
1150 3050 1262 3111 proce·

310 3129 400 3195 dunt.
444 3129 479 3194 Si
502 3129 589 3193 enim
611 3131 779 3193 subtrahas
800 3130 965 3206 alimenta,
979 3128 1039 3191 tibi
1055 3128 1146 3191 miles
1168 3130 1262 3192 obse·

308 3230 419 3315 quium
447 3229 591 3311 negabit,
620 3239 676 3293 aut
704 3229 813 3293 fidem.
858 3228 972 3292 Fames
1001 3229 1098 3303 enim,
1128 3241 1164 3293 ut
1193 3227 1259 3291 dici

308 3335 400 3412 solet,
422 3342 544 3416 pugnat
568 3331 716 3410 interius,
742 3344 774 3395 et
803 3333 871 3395 sola
895 3331 977 3409 haec,
1003 3352 1075 3413 quae
1101 3330 1260 3394 tutissima

306 3436 464 3513 ridentur,
492 3444 669 3517 expugnat.
715 3433 830 3497 Nescit
864 3432 959 3516 plebs
988 3431 1101 3518 jejuna
1136 3433 1257 3497 timere.

306 3537 340 3601 Si
367 3556 441 3599 vero
466 3533 620 3599 alimenta
644 3533 865 3619 processerint,
890 3555 977 3598 nunc
1002 3534 1115 3597 timore
1143 3555 1260 3617 poenae,

303 3658 391 3703 nuuc
425 3636 626 3721 praemiorum
655 3656 714 3719 spe
743 3635 783 3699 ad
813 3636 954 3699 officium
983 3636 1143 3699 incitetur.
1188 3637 1261 3701 Sint

304 3739 425 3825 ubique
454 3737 560 3822 campi
586 3737 747 3816 ductores,
770 3746 803 3800 et
828 3737 1009 3800 militarium
1032 3739 1257 3802 exercitiorum

303 3837 456 3921 magistri,
476 3849 509 3901 et
531 3837 584 3900 his
609 3835 690 3919 ipsis
715 3856 779 3899 aera
800 3834 998 3921 proveniant,
1022 3846 1054 3898 et
1076 3834 1200 3899 ridebis
1221 3835 1255 3900 in

301 3940 392 4004 brevi
406 3948 535 4022 gentem
545 3938 579 4001 in
595 3937 628 4001 id
641 3937 766 4000 virtutis
777 3959 848 4001 esse
863 3936 1038 4015 reductam,
1048 3959 1112 4022 qno
1128 3938 1256 4019 vigebat

300 4041 431 4127 quando
446 4039 607 4104 maximus
621 4040 849 4122 Imperatorum
863 4038 969 4103 Julius
984 4039 1103 4118 Caesar,

404 4148 512 4203 Territa
522 4146 639 4215 quaesitis
651 4145 765 4198 ostendit
777 4150 851 4214 terga
863 4146 1007 4198 Britannis.

299 4248 364 4313 Sed
386 4259 420 4312 et
442 4243 690 4309 deliberationes
712 4255 901 4319 castrenses,
915 4243 1035 4306 fictitiae
1057 4252 1174 4314 tamen,
1193 4239 1254 4301 sre-

298 4347 448 4431 quentius
462 4343 631 4427 agitentur,
646 4351 682 4406 ut
695 4342 727 4405 in
750 4341 800 4404 his
821 4343 1016 4406 exercitatus
1040 4338 1141 4413 miles,
1156 4357 1253 4418 quum

341 4464 414 4510 vor.
434 4462 479 4508 rr.
774 4459 794 4501 s
