3550 5467
230 850 235 858 ⁵
276 787 346 832 car.
364 769 470 849 svn]
640 788 898 835 eou’cssrrcns.
1177 777 1240 836 309

274 940 446 1025 pravitatis
455 942 573 1023 imago.
592 940 756 1024 Siquidem
768 940 858 1004 illum
868 940 1025 1017 imitatur,
1038 941 1094 1026 qui
1106 941 1235 1006 affecta·

272 1041 318 1105 vit
328 1041 437 1105 sedem
449 1063 567 1127 ponere
575 1040 616 1104 ad
626 1041 856 1127 aquilonem,et
865 1042 1048 1106 similisesse
1056 1042 1234 1122 Altissimo,

273 1141 419 1207 bonitate
442 1157 548 1207 tamen
571 1142 720 1206 deducta.
767 1142 801 1206 Si
824 1147 907 1208 enim
930 1144 1064 1209 bonitati
1088 1144 1233 1209 studeret

273 1266 341 1307 esse
363 1244 552 1320 conformis,
573 1266 776 1331 nequaquam
808 1245 959 1330 potentiae
989 1259 1045 1310 aut
1068 1244 1231 1331 sapientise

271 1345 410 1431 gloriam
442 1345 614 1431 praeripere
644 1345 819 1409 moliretur.
864 1346 1101 1410 Remunerandi
1125 1359 1228 1410 tamen

273 1442 630 1533 auctoritateaspiravit
641 1452 772 1512 sortasse
783 1449 953 1534 coaequari.
977 1453 1089 1533 Imago
1103 1448 1231 1513 deitatis

272 1549 436 1636 princeps,
449 1549 615 1628 amandus,
628 1551 825 1613 venerandus
837 1563 928 1615 estet
943 1550 1106 1616 colendus:
1125 1564 1232 1635 tyran·

272 1673 335 1713 nus
365 1651 532 1736 pravitatis
554 1651 670 1734 imago,
692 1651 883 1737 plerumque
905 1652 999 1716 etiam
1030 1651 1230 1715 occidendus.

273 1754 377 1836 Origo
393 1753 519 1838 tyranni
534 1753 687 1839 iniquitas
701 1767 761 1828 est,
777 1769 808 1818 et
824 1754 864 1817 de
875 1754 979 1818 radice
995 1755 1135 1818 toxicata
1149 1752 1232 1820 mala

271 1870 306 1918 et
320 1856 470 1939 pestilera
478 1856 646 1940 germinat,
659 1868 691 1919 et
703 1856 840 1941 pullulat
856 1857 961 1932 arbor,
974 1857 1073 1920 securi
1087 1855 1231 1942 qualibet

272 1956 479 2021 succidenda.
527 1958 595 2020 Nisi
619 1957 702 2019 enim
733 1957 898 2043 iniquitas,
921 1972 954 2023 et
976 1957 1133 2042 injustitia
1154 1957 1232 2019 eari-

272 2059 598 2124 tatisexterminatrix
607 2058 806 2143 tyrannidem
818 2072 1028 2145 procurasset,
1036 2080 1098 2144 pax
1111 2081 1230 2133 secura,

272 2173 305 2224 et
322 2160 415 2245 quies
437 2164 604 2248 perpetua,
621 2160 652 2222 in
676 2183 780 2223 aevum
803 2161 941 2248 populos
960 2161 1161 2248 possedisset,
1178 2184 1230 2224 ne·

272 2284 392 2347 moque
404 2260 557 2344 cogitaret
569 2260 609 2324 de
625 2261 743 2326 finibus
752 2262 975 2347 producendis.
998 2265 1115 2327 Essent
1125 2265 1231 2344 etiam,

272 2363 357 2426 sicot
374 2384 508 2448 magnus
530 2375 622 2448 pater
646 2363 735 2426 testis
756 2376 803 2428 est
828 2368 1043 2450 Augustinus,
1065 2365 1111 2430 ita
1130 2387 1231 2453 regna

273 2466 398 2550 quieta,
420 2477 452 2528 et
476 2463 577 2527 amica
592 2487 669 2549 pace
693 2466 877 2547 gaudentia,
900 2467 981 2530 sicut
1004 2467 1036 2530 in
1056 2472 1231 2552 composita

273 2555 404 2631 civitate
419 2565 555 2629 diversae
570 2566 710 2642 familiae,
723 2581 780 2630 aut
795 2568 827 2629 in
840 2567 948 2630 eadem
962 2568 1081 2631 familia
1096 2567 1230 2632 diversae

274 2691 426 2759 personae.
450 2669 621 2745 elutione,
633 2668 720 2752 quod
733 2667 918 2731 credibilius
927 2681 985 2743 est,
994 2669 1122 2731 omnino
1134 2691 1232 2753 regna

274 2794 338 2836 non
353 2785 470 2851 esseut,
486 2795 571 2857 quse,
588 2772 670 2836 sicut
684 2771 725 2834 ab
740 2770 878 2861 antiquis
891 2770 992 2859 liquet
1012 2771 1160 2848 historiis,
1171 2773 1230 2835 ini·

273 2874 384 2967 quitas
399 2894 456 2956 per
471 2895 503 2936 se
518 2886 575 2936 aut
591 2872 806 2959 praesumpsit,
822 2886 879 2936 aut
895 2873 1029 2936 extorsit
1045 2895 1063 2935 a
1081 2872 1229 2937 Domino.

276 2977 322 3043 Et
333 2974 464 3060 quidem
482 2996 542 3037 non
560 2975 618 3039 soli
635 2997 724 3058 reges
740 2974 939 3060 tyrannidem
957 2986 1114 3050 exercent,
1126 2974 1231 3059 priva-

276 3088 383 3139 torum
395 3074 527 3160 plurimi
544 3075 671 3161 tyranni
687 3087 773 3151 sunt,
789 3075 866 3139 dum
883 3074 917 3137 id
934 3074 1049 3138 virium
1073 3075 1160 3160 quod
1176 3077 1231 3141 lra-

274 3176 365 3251 bent,
387 3179 419 3240 in
442 3177 578 3240 vetitum
603 3178 749 3241 efferunt.
795 3181 863 3242 Nec
884 3189 1010 3241 moreat
1032 3177 1119 3263 quod
1141 3200 1231 3262 reges

275 3277 422 3361 tyrannis
437 3277 523 3341 risus
538 3299 608 3340 sum
631 3280 776 3355 sociasse,
792 3278 869 3363 quia
896 3276 969 3341 licet
985 3300 1039 3341 rex
1063 3277 1188 3343 dicatur
1211 3302 1230 3342 a

276 3391 374 3456 recto,
404 3377 489 3462 quod
514 3378 689 3464 principem
713 3378 817 3454 decet,
840 3391 944 3442 tamen
968 3379 1139 3464 appellatio
1160 3381 1238 3465 ejus

275 3478 378 3543 abusu
395 3478 481 3543 cadit
496 3477 534 3542 in'
545 3492 726 3563 tyrannum.
772 3480 850 3545 inde
865 3493 914 3544 est
928 3478 1020 3557 illud,

381 3585 459 3648 Quod
470 3588 555 3657 potuit
566 3586 675 3658 populus
687 3604 844 3654 quemquam
856 3586 996 3656 perducere
1008 3585 1083 3655 liber,

379 3671 507 3736 Ascendi,
518 3688 645 3742 supraque
655 3671 719 3723 nihil
730 3671 782 3724 nisi
792 3687 873 3739 regna
883 3669 986 3745 reliqui,

277 3767 322 3831 Et
336 3765 431 3842 illud,

382 3874 449 3946 Spes
460 3876 525 3927 mihi
537 3879 608 3948 pacis
621 3879 680 3940 erit,
692 3879 814 3931 dextram
826 3880 946 3947 tetigisse
958 3884 1068 3949 tyranni.

276 3969 321 4031 Et
331 3968 357 4031 si
366 3968 504 4031 officium
521 3970 833 4051 contraofficium,et
850 3987 935 4037 recte
945 3973 1071 4040 vivendi
1087 3976 1229 4059 regulam

276 4069 337 4134 dici
354 4069 438 4149 licet,
461 4071 617 4134 sententia
637 4076 732 4136 unius
753 4056 896 4136 omnium
917 4077 1019 4157 aperit
1035 4076 1149 4149 officia,
1164 4077 1229 4138 imo

277 4171 354 4234 vitia
368 4184 587 4258 tyrannorum.
636 4172 791 4236 Photinus
806 4170 832 4234 is
847 4184 896 4236 est
911 4177 944 4254 (a
958 4195 1024 4256 quo
1035 4186 1067 4235 et
1082 4172 1142 4256 ipsi
1158 4196 1229 4255 pos-

277 4286 351 4337 sunt
382 4295 445 4336 non
468 4272 626 4337 immerito
651 4270 804 4359 appellari
831 4271 1025 4354 Photiniani)
1052 4272 1175 4356 primus
1197 4273 1228 4337 in

277 4375 426 4438 monstris
456 4372 567 4458 pelleae
596 4373 720 4449 domus,
749 4371 866 4452 idest,
895 4372 978 4434 inter
1000 4371 1061 4433 alia
1083 4384 1236 4463 portentu⁸

283 4463 301 4490 Ι
