3550 5467
263 763 341 808 cae.
359 746 446 826 xxc]
630 762 885 825 mercntrrcus.
1163 749 1226 807 389

266 912 458 991 Dominum,
473 911 596 978 devotis
611 913 758 1000 precibus
769 912 943 998 flagellum,
955 911 1224 999 quoaffliguntur,

262 1026 424 1079 avertant.
462 1017 597 1078 Peccata
617 1014 732 1078 etenim
754 1014 1019 1100 delinquentium,
1044 1015 1125 1077 vires
1149 1027 1223 1079 sunt

263 1129 487 1201 tyrannorum.
537 1116 633 1182 Unde
663 1116 786 1181 Achior
814 1116 883 1181 dux
912 1117 1054 1183 omnium
1084 1115 1223 1180 filiorum

264 1220 386 1291 Amon,
402 1215 645 1283 saluberrimum
667 1217 727 1281 hoc
750 1216 915 1283 consilium
938 1217 1027 1283 dedit
1043 1215 1222 1283 Holoferni.

264 1317 433 1402 Perquire,
444 1317 561 1405 inquit,
572 1341 657 1382 nunc
673 1317 800 1382 domine
816 1319 870 1395 mi,
883 1319 910 1382 si
925 1333 972 1383 est
984 1318 1092 1405 aliqua
1106 1317 1223 1404 iniqui-

266 1431 319 1484 tas
333 1419 445 1504 populi
461 1420 492 1482 in
509 1435 680 1506 conspectu
698 1421 759 1484 Dei
775 1441 895 1493 eorum,
912 1433 943 1484 et
960 1418 1166 1485 ascendamus
1180 1419 1221 1482 ed

266 1519 350 1597 ilios,
363 1521 512 1607 quoniam
530 1522 657 1587 tradens
673 1523 777 1587 tradet
793 1522 864 1586 iilos
878 1525 966 1586 Deus
981 1544 1089 1585 eorum
1106 1520 1178 1597 tibi,
1189 1532 1222 1584 et

266 1620 435 1708 subjugati
461 1636 554 1687 erunt
579 1622 742 1708 subjugo
769 1621 920 1708 potentiae
946 1636 1022 1687 tuoe.
1061 1621 1093 1684 si
1116 1633 1221 1685 eutem

267 1741 335 1786 non
360 1736 408 1788 ert
433 1723 564 1787 offensio
587 1723 699 1810 populi
722 1724 820 1809 hujus
845 1746 952 1789 coram
975 1727 1045 1788 Deo
1068 1746 1137 1799 suo,
1160 1745 1221 1786 non

266 1825 446 1909 poterimus
469 1825 624 1901 resistere,
649 1825 799 1912 quoniam
825 1826 916 1889 Deus
939 1849 1048 1890 eorum
1074 1824 1223 1889 desendet

268 1924 355 2004 iilos,
370 1940 402 1991 et
417 1926 534 1991 erimus
547 1927 580 1990 in
595 1927 803 2012 opprobrium
821 1927 975 1993 universae
991 1941 1094 1992 terrae.

268 2268 352 2354 Cap.
369 2274 420 2335 el.
447 2270 600 2333 Omnium
615 2275 828 2353 tyrannorum
837 2273 947 2352 finem
962 2292 1027 2336 mre
1041 2274 1222 2337 miserium:

313 2379 346 2433 et
360 2371 445 2452 quod
462 2374 499 2434 in
520 2394 572 2436 eoa
593 2372 687 2435 Deua
704 2374 879 2436 vindictam
902 2380 1035 2452 averret,
1056 2377 1085 2437 ei
1108 2394 1224 2437 manue

312 2480 410 2536 cerret
436 2475 595 2555 humana,
624 2496 662 2536 ac
690 2476 748 2538 hoc
776 2478 812 2538 in
842 2477 982 2538 Juliano
1005 2483 1168 2557 apostata,
1193 2484 1224 2540 et

314 2576 427 2639 multia
440 2595 544 2639 racroe
560 2576 737 2656 Scriptum
750 2582 841 2656 patet
855 2577 1019 2656 exemplis.

316 2735 414 2804 Fnus
429 2739 511 2802 enim
533 2752 742 2823 tyrannorum
757 2737 902 2800 confusio
924 2750 983 2813 est,
999 2738 1039 2801 ad
1060 2738 1224 2803 interitum

270 2841 418 2928 quidem,
434 2841 460 2904 si
480 2842 511 2904 in
529 2840 650 2903 malitia
670 2853 892 2925 perseverant3
920 2842 946 2904 si
968 2853 1168 2918 revocantur,
1184 2842 1224 2906 ad

269 2943 408 3007 veniam.
433 2943 515 3004 Nem
528 2956 559 3007 et
568 2941 628 3027 ipsi
642 2938 767 3027 flagello
779 2953 912 3026 paratur
921 2941 1113 3020 incendium,
1123 2965 1224 3027 quum

268 3045 304 3108 in
330 3042 555 3107 correctionem
580 3042 717 3108 filiorum
742 3067 780 3106 eo
802 3042 900 3106 suerit
920 3066 999 3108 usus
1023 3057 1122 3130 pater.
1168 3049 1225 3119 Et,

269 3145 390 3232 inquit,
403 3143 513 3208 Achab
525 3144 680 3208 reveritus
692 3157 739 3209 est
750 3144 862 3209 sociem
875 3167 989 3220 meam,
1001 3169 1063 3209 non
1076 3145 1225 3211 inducam

270 3248 391 3312 malum
418 3246 478 3311 hoc
503 3247 536 3310 in
563 3246 678 3311 diebus
702 3248 781 3333 ejus.
825 3252 867 3312 At
895 3248 1027 3311 Jezabei
1049 3249 1079 3311 in
1104 3249 1227 3315 saevitia

270 3371 486 3436 perseverans,
512 3349 671 3434 condigno
697 3350 897 3416 crudelitatis
921 3350 1010 3414 exitu
1038 3352 1224 3437 sanguinem

273 3472 367 3515 ouum
389 3453 522 3516 canibus
549 3451 734 3536 lingendum
758 3453 908 3538 praebuit,
931 3452 963 3514 in
988 3450 1056 3516 loco
1079 3453 1134 3517 ubi
1157 3474 1227 3517 sam

272 3552 401 3636 guinem
431 3554 606 3618 innocentis
636 3553 766 3618 Naboth
795 3553 954 3619 linxerant
983 3575 1083 3617 canes.
1130 3554 1225 3629 Quod

275 3653 301 3716 ei
315 3653 362 3716 ita
374 3655 537 3721 Nabuthae
549 3655 724 3719 innocentis
734 3655 865 3740 sanguis
876 3655 1070 3741 exquiritur,
1081 3656 1227 3741 nunquid

276 3767 324 3820 tot
349 3756 563 3822 innocentium
593 3757 722 3843 sanguis
747 3757 951 3844 irrequisitus
975 3761 1062 3823 erit?
1095 3758 1226 3824 Vineam

271 3856 353 3941 justi
374 3858 556 3945 concupivit
578 3858 734 3944 impietas,
758 3871 789 3923 et
813 3859 844 3922 in
867 3861 1133 3946 permutationem
1155 3864 1227 3946 ejus

276 3962 375 4024 totius
389 3960 564 4045 regnijura
578 3960 693 4025 amisit.
734 3962 873 4026 Punitur
892 3977 997 4028 autem
1015 3962 1133 4025 malitia
1148 3984 1227 4025 rem·

278 4082 335 4145 per
363 4082 383 4123 a
410 4062 559 4140 Domino,
585 4059 641 4125 sed
666 4061 827 4124 interdum
853 4084 921 4135 sno,
947 4059 1108 4124 interdum
1135 4062 1228 4145 quasi

277 4159 413 4225 hominis
440 4166 545 4227 utitur
571 4162 646 4240 telo,
667 4164 699 4225 in
727 4181 853 4245 poenam
880 4162 1062 4247 impiorum.
1100 4159 1227 4227 Afflixit

278 4263 404 4326 Pharao
419 4263 573 4350 populum
590 4264 663 4339 Dei,
679 4275 711 4326 et
733 4261 773 4323 ab
789 4260 899 4324 eodem
922 4258 1129 4346 gravissimis,
1145 4261 1226 4328 sicut

277 4364 308 4425 in
323 4365 439 4429 Exodo
448 4365 578 4451 legitur,
591 4362 766 4448 flagellatur
777 4377 825 4424 est
837 4360 949 4446 plagis.
978 4363 1065 4438 Quas
1075 4360 1227 4441 breviter,

732 4485 749 4526 z
765 4471 784 4525 ἱ)
