3550 5467
545 702 586 759 64
802 714 940 762 Joauurs
955 700 1233 762 msssssmsusrs
1348 698 1433 778 [nm.
1450 717 1493 760 vr.

648 864 826 930 contendunt,
837 881 899 918 vera
910 866 959 917 niti
970 866 1070 917 ratione
1081 864 1211 917 videntur.

648 948 736 1021 Hujus
748 951 818 1002 enim
828 949 931 1003 validus
941 948 1031 1002 firmat
1042 955 1116 1002 tenor
1127 951 1213 1001 omnia
1224 949 1348 1001 membra.

644 1035 684 1087 At
695 1041 784 1088 eontra
795 1036 913 1107 ejusdem
925 1035 1080 1103 frnngrmtur
1091 1040 1185 1087 cuneta
1196 1034 1293 1087 dolore.

644 1118 717 1180 Quin
728 1121 817 1185 etium,
829 1121 881 1173 nisi
892 1138 953 1174 euru
961 1121 1046 1192 juvet,
1058 1121 1151 1174 vitiare
1163 1120 1297 1173 cerebrum

647 1203 749 1269 Fertur,
762 1212 790 1257 et
801 1206 919 1274 integros
930 1205 1001 1258 illinc
1013 1213 1131 1259 avertere
1143 1223 1244 1259 sensus.

541 1327 617 1390 Noli
640 1348 714 1409 ergo
737 1348 841 1410 neque
861 1338 1015 1404 nostrum
1036 1348 1144 1410 neque
1165 1327 1355 1390 secularium
1376 1328 1495 1410 princi-

537 1448 615 1510 pum
632 1427 780 1492 duritiam
797 1429 911 1507 metiri,
925 1428 982 1492 sed
998 1428 1140 1491 omnium
1157 1428 1323 1491 utilitatem
1339 1428 1479 1492 attende.

538 1720 619 1805 Cap.
635 1727 686 1784 96.
713 1720 765 1784 De
784 1721 980 1785 coherentia
1003 1724 1121 1803 capitia
1143 1729 1175 1785 et
1194 1721 1410 1785 nwmbrorum
1430 1724 1492 1784 rei·

572 1822 738 1903 publicae:
763 1831 796 1883 et
810 1824 898 1903 qood
903 1825 1058 1904 princeps
1072 1824 1222 1904 quaedam
1237 1827 1346 1904 imopo
1360 1824 1492 1886 deitatis

579 1930 637 2000 est,
650 1931 684 1984 et
696 1923 737 1983 de
750 1924 887 1984 crimine
901 1925 1090 2003 majestatis,
1106 1932 1140 1984 et
1152 1925 1192 1985 de
1210 1926 1263 1987 hia
1278 1945 1348 2006 que
1363 1934 1441 1988 sunt
1455 1928 1489 1987 in

571 2021 737 2101 fidelitate
749 2022 918 2084 servanda.

577 2184 670 2245 Mmt
685 2203 759 2244 vero
769 2182 965 2245 satisfactum
975 2192 1035 2260 est,
1046 2193 1078 2246 et
1091 2204 1263 2267 persuasus
1275 2205 1344 2246 sum
1358 2186 1492 2251 devotos

532 2285 681 2348 humeros
706 2304 889 2366 supponere
916 2285 1076 2368 potestati,
1099 2306 1159 2348 nec
1187 2284 1283 2348 modo
1314 2288 1380 2350 sero
1408 2311 1491 2367 eam,

531 2383 589 2449 sed
604 2394 694 2468 grata
706 2396 766 2461 est,
782 2383 858 2448 dum
876 2383 951 2449 Deo
966 2386 1111 2471 subjecta
1125 2399 1182 2463 est,
1193 2398 1226 2450 et
1239 2388 1327 2451 illius
1343 2389 1487 2453 ordinem

531 2486 681 2570 sequitur.
727 2487 877 2570 Alioquin
895 2487 922 2550 si
940 2487 1057 2551 divinis
1078 2490 1252 2553 reluctetur
1267 2490 1439 2569 mandatis,
1453 2504 1486 2554 et

531 2608 583 2650 me
598 2586 809 2651 theomachiae
824 2609 891 2651 suae
904 2588 980 2652 velit
994 2609 1065 2651 esse
1077 2589 1278 2672 participem,
1290 2591 1390 2653 libera
1406 2612 1486 2654 voce

531 2686 729 2771 respondeo:
753 2687 859 2751 Deum
874 2687 978 2750 cuivis
996 2687 1121 2750 homini
1142 2688 1386 2770 praeferendum.
1432 2687 1485 2753 Sic

531 2813 607 2873 ergo
636 2791 819 2857 cohaereant
843 2791 992 2855 inferiora
1017 2792 1244 2875 superioribus,
1267 2793 1314 2855 sic
1340 2793 1488 2856 universa

531 2892 675 2954 membra
688 2912 724 2954 se
738 2890 913 2975 subjiciant
928 2892 1037 2975 capiti,
1053 2902 1090 2955 ut
1111 2892 1224 2974 religio
1240 2903 1378 2955 servetur
1394 2893 1484 2956 inco—

528 2992 633 3056 lumis
678 2993 760 3056 Rem
777 2993 942 3075 politicam
956 2994 1072 3075 legitur
1087 2994 1236 3058 Socrates
1251 2993 1436 3072 instituisso,
1453 3007 1485 3058 et

527 3094 563 3158 in
573 3115 644 3158 eam
660 3093 790 3159 dedisse
805 3105 977 3178 praecepta,
993 3117 1065 3180 quae
1080 3096 1292 3160 asinceritate
1304 3094 1483 3177 sapientiae,

529 3197 621 3281 quasi
636 3195 775 3279 quodam
799 3196 885 3259 fonte
909 3206 1031 3260 naturae
1052 3218 1179 3261 manare
1201 3196 1361 3260 dicuntur.
1407 3197 1481 3260 Hoc

528 3307 636 3362 autem
663 3296 699 3359 in
729 3316 853 3359 summa
883 3297 1056 3379 colligitur,
1080 3309 1116 3361 ut
1145 3319 1216 3380 quae
1252 3298 1284 3359 in
1316 3299 1482 3382 republica

527 3396 700 3461 humiliora
724 3408 810 3474 sunt,
832 3398 989 3482 majorum
1015 3399 1122 3462 officio
1145 3397 1330 3480 diligentius
1353 3421 1479 3463 conser-

528 3507 650 3562 ventur.
689 3497 929 3563 lnstitntionem
941 3498 1083 3583 Trajani,
1092 3498 1185 3582 cujus
1199 3498 1318 3561 mentio
1334 3501 1481 3585 superius

527 3600 611 3663 sacta
626 3609 685 3676 est,
701 3597 888 3682 diligentius
911 3603 1025 3683 relege,
1040 3609 1073 3663 et
1086 3602 1156 3663 hoec
1177 3600 1274 3664 latius
1297 3604 1481 3687 conscripta

525 3699 679 3764 invenies.
724 3701 830 3764 Nobis
852 3713 960 3766 autem
988 3701 1058 3764 hmo
1089 3699 1129 3763 de
1155 3701 1276 3766 unitate
1302 3703 1420 3787 capitis
1449 3714 1481 3767 et

524 3804 737 3865 membrorum
752 3802 794 3866 ad
810 3824 950 3887 praesens
962 3801 1081 3865 dixisse
1096 3803 1251 3881 sufficiat3
1273 3805 1335 3867 hoc
1352 3803 1491 3890 adjecto'

523 3902 611 3988 quod
627 3904 849 3988 praemisimus,
865 3903 953 3988 quod
973 3903 1061 3967 lmsio
1076 3905 1204 3989 capitis,
1218 3918 1254 3970 ut
1268 3905 1478 3989 prediximus

524 4004 566 4070 ad
577 4006 684 4070 omnia
694 4008 835 4069 membra
849 4006 992 4082 refertur,
1003 4016 1035 4067 et
1046 4005 1202 4090 cujusque
1218 4009 1352 4071 membri
1365 4009 1478 4072 vulnus

522 4107 638 4190 injusto
650 4109 832 4188 irrogatum,
840 4105 881 4169 ad
898 4105 1012 4190 capitis
1027 4118 1154 4189 spectat
1165 4109 1325 4193 injuriam.
1371 4110 1475 4174 Caete-

521 4231 591 4274 rum
604 4207 690 4294 quod
704 4207 856 4271 adversus
878 4216 976 4291 eaput
991 4220 1048 4271 aut
1067 4209 1301 4274 universitatem
1318 4212 1477 4274 membro·

522 4331 589 4373 rum
606 4310 682 4374 dolo
697 4309 782 4372 malo
798 4308 919 4373 malitia
934 4311 1108 4393 praesumit,
1123 4312 1243 4376 crimen
1266 4324 1315 4377 est
1330 4313 1476 4394 gravissi·
