3550 5467
409 741 473 803 ata
666 753 803 799 scaurus
818 750 1103 799 sanasnaatansrs
1204 735 1288 810 [ara.
1303 752 1367 799 vm.

408 909 488 973 lanis
502 905 740 993 operiebamini,
755 916 787 968 et
802 902 890 989 quod
912 925 1057 967 crassum
1073 915 1148 968 erat
1169 903 1365 977 occidebatis,

408 1031 537 1094 gregem
554 1021 661 1072 autem
680 1028 785 1070 meum
801 1027 864 1068 non
879 1005 1072 1091 pascebatis.
1096 1005 1200 1082 Quod
1216 1006 1366 1069 infirmum

407 1111 471 1174 fuit
487 1132 549 1174 non
565 1108 797 1184 consolidastis,
808 1119 841 1172 et
856 1106 943 1191 qnod
960 1119 1139 1191 aegrotum,
1151 1129 1217 1170 non
1234 1108 1367 1181 sanastis,

407 1209 494 1295 quod
525 1210 662 1273 fractum
692 1224 753 1286 est,
782 1229 844 1270 non
880 1206 1052 1291 alligastis,
1080 1206 1176 1293 quod
1202 1207 1364 1293 abjectum,

408 1333 470 1375 non
501 1310 685 1386 reduxistis,
709 1307 798 1395 quod
829 1312 977 1394 perierat,
1000 1331 1064 1372 non
1097 1309 1294 1395 requisistis,
1318 1308 1364 1372 sad

408 1435 482 1478 cum
512 1412 698 1478 austeritate
727 1411 931 1498 imperabatis
956 1412 1014 1486 eis,
1039 1425 1074 1476 et
1102 1434 1180 1476 cum
1211 1412 1364 1497 potentia;

409 1530 441 1578 ct
458 1518 609 1602 dispersae
626 1527 700 1579 sunt
716 1537 791 1576 ores
805 1535 896 1588 meae,
912 1536 949 1575 eo
965 1511 1055 1596 quod
1073 1535 1139 1576 non
1155 1528 1242 1578 esset
1257 1525 1366 1599 pastor,

409 1631 440 1679 et
457 1617 636 1680 factasunt
647 1615 679 1678 in
692 1613 932 1678 devorationem
943 1611 1088 1677 omnium
1101 1614 1282 1679 bestiarum
1294 1615 1366 1696 agri,

409 1731 442 1782 et
458 1718 711 1804 dispersaesunt.
756 1714 843 1789 Quid
859 1714 919 1778 sibi
935 1714 1026 1778 aliud
1042 1714 1158 1778 adesse
1170 1715 1276 1786 docet.
1293 1717 1366 1778 Eae-
1414 1798 1417 1805 Ι

409 1819 519 1883 chielis
539 1819 608 1884 haec
624 1831 657 1883 et
674 1816 871 1902 imprecatio,
889 1829 922 1880 et
944 1813 1135 1902 increpatio,
1159 1816 1220 1882 nisi
1243 1817 1365 1902 pastori·

410 1921 471 1985 bus
482 1923 590 1985 abesse
601 1944 675 2006 qua·
690 1919 798 1982 adesse
808 1917 998 1994 debuerant,
1008 1931 1041 1982 et
1056 1918 1169 1982 adesse
1179 1919 1366 2005 quaeabesse

410 2023 579 2106 oportuit?
607 2024 782 2107 Propterea
802 2019 870 2084 haee
891 2016 970 2081 dicit
995 2018 1179 2082 Dominus:
1207 2022 1293 2084 Ecce
1311 2042 1367 2104 ego

409 2124 476 2208 ipse
502 2146 600 2211 super
622 2136 775 2211 pastores,
798 2136 829 2187 et
852 2123 1015 2209 requiram
1041 2144 1174 2207 gregem
1198 2145 1303 2186 meum
1328 2122 1365 2184 de

410 2247 504 2288 manu
515 2248 637 2305 eorum,
646 2239 679 2288 et
688 2248 808 2289 cessare
818 2248 872 2290 eos
883 2224 1008 2301 faciam,
1018 2239 1054 2287 ut
1066 2223 1155 2288 ultra
1164 2246 1226 2288 non
1238 2237 1365 2311 pascant

410 2348 536 2411 gregem
559 2348 678 2401 meum,
702 2348 758 2388 nec
783 2339 915 2409 pascant
934 2324 1073 2410 amplius
1096 2339 1242 2410 pastores
1259 2338 1366 2389 semet·

410 2428 495 2513 ipsos
520 2441 553 2492 et
582 2427 726 2492 liberabo
750 2449 880 2511 gregem
907 2450 1014 2491 meum
1044 2426 1087 2490 de
1112 2450 1169 2491 ore
1194 2449 1314 2505 eornm,
1334 2440 1365 2489 et

411 2553 473 2594 non
505 2531 565 2594 erit
596 2529 682 2593 ultra
710 2531 743 2591 in
770 2552 873 2592 escam
901 2529 954 2593 eis.
1021 2529 1136 2593 Nonne
1168 2528 1363 2614 tyrannidem

412 2631 579 2696 sacerdotii
610 2630 738 2696 ridetur
761 2634 939 2716 exprimere
968 2630 1182 2707 manifestam,
1207 2644 1242 2694 et
1272 2630 1364 2694 vitam

411 2733 538 2797 illorum
569 2731 752 2817 depingere,
779 2730 836 2815 qui
866 2730 897 2793 in
924 2730 1071 2795 omnibns
1098 2755 1173 2816 quae
1197 2753 1256 2794 sua
1284 2746 1366 2808 snut,

411 2846 575 2918 quarunt,
605 2846 637 2895 et
667 2855 742 2918 quae
767 2832 847 2894 Jesu
870 2830 996 2897 Christi
1026 2846 1115 2906 sunt,
1143 2844 1215 2915 post
1242 2846 1363 2917 tergum

412 2935 553 2999 faciunt?
592 2934 756 3020 Siquidem
780 2956 842 2997 non
866 2956 986 3010 meum,
1008 2933 1064 2996 sed
1086 2932 1226 2997 alienum
1253 2947 1313 3011 est,
1333 2948 1364 2998 et

410 3038 553 3122 prolecto
581 3035 776 3100 intemeratae
806 3035 949 3100 veritatis
976 3034 1155 3110 oraculum,
1182 3057 1250 3122 quo
1278 3034 1363 3122 apud

410 3138 597 3202 familiarem
617 3137 775 3201 Altiasimi
799 3138 882 3200 inter
898 3136 1126 3204 mercenarium
1142 3150 1315 3221 pastorem,
1331 3150 1364 3201 et

408 3240 526 3317 furem,
555 3239 735 3304 differentia
764 3238 930 3303 manifesta
965 3237 1195 3325 praescribitur.
1256 3243 1365 3304 Bonus

408 3341 491 3404 enim
518 3355 628 3426 pastor
652 3344 787 3405 animam
817 3362 907 3404 suam
935 3337 1026 3425 ponit
1057 3363 1117 3426 pro
1145 3341 1263 3405 ovibus
1291 3340 1363 3405 suia

410 3443 515 3526 Cujus
531 3441 555 3505 si
571 3441 689 3526 quaeris
700 3439 850 3516 officium,
862 3438 949 3524 apud
961 3439 1163 3524 jamdictum
1177 3440 1363 3525 prophetam

409 3543 562 3605 inveniess
611 3545 697 3606 Ecce
725 3563 787 3626 ego
816 3541 883 3627 ipse
914 3542 1074 3627 requiram
1104 3564 1181 3604 oves
1212 3564 1309 3617 meas,
1333 3554 1364 3604 et

329 3644 333 3651 ’
409 3642 546 3707 visitabo
560 3665 625 3718 eas,
641 3643 722 3706 siout
747 3643 851 3707 visitat
874 3656 983 3729 pastor
997 3664 1126 3728 gregem
1144 3665 1254 3717 suum,
1269 3642 1300 3705 in
1315 3642 1364 3705 die

408 3742 540 3829 quando
555 3743 650 3807 fuerit
667 3745 700 3805 in
720 3745 829 3808 medio
848 3745 956 3810 ovium
978 3766 1107 3807 suarum
1128 3744 1364 3830 dissipatarum.

408 3843 555 3910 Educam
585 3865 637 3906 eas
665 3842 707 3906 de
736 3849 832 3924 nube,
857 3857 891 3909 et
918 3846 1121 3931 congregabo
1150 3844 1193 3908 de
1222 3844 1365 3929 caligine,

407 3947 556 4014 inducam
574 3967 626 4008 eas
643 3943 675 4006 in
696 3957 812 4008 terram
835 3970 938 4024 suam,
953 3960 984 4011 et
1005 3968 1133 4031 pascam
1157 3969 1212 4010 eas
1230 3948 1261 4009 in
1277 3967 1364 4010 mon·

407 4052 496 4116 tibus
518 4045 627 4120 Israel,
647 4048 678 4108 in
697 4045 784 4122 rivis,
806 4062 839 4111 et
856 4049 888 4111 in
908 4047 1030 4113 cunctis
1052 4047 1186 4112 sedibus
1207 4062 1313 4126 terroe,
1334 4049 1365 4112 ia

408 4152 533 4240 pascuis
549 4147 726 4223 uberrimis,
742 4147 773 4211 in
796 4150 959 4213 montibus
981 4147 1113 4213 excelsis
1131 4164 1230 4212 eruut
1251 4171 1368 4235 pasena

407 4277 528 4332 earnm,
544 4250 740 4338 requiescent
757 4253 788 4312 in
809 4250 916 4314 herbis
937 4249 1126 4325 virentibus,
1142 4265 1175 4314 et
1193 4251 1226 4313 in
1243 4250 1369 4337 pascuis

408 4357 583 4444 pinguibus
610 4366 778 4439 pascentur
803 4374 899 4436 super
925 4366 1048 4420 montes
1077 4352 1188 4416 Ismel.
1238 4355 1368 4421 Pascatn
