3550 5467
283 745 358 791 cas.
376 726 454 806 xia]
646 739 901 786 eosicmmcus.
1177 718 1241 786 975

284 895 428 971 nocebit,
439 894 464 957 si
476 891 648 956 ostendetis
659 893 805 978 quianon
816 891 866 955 sit.
896 891 988 955 Alius
998 891 1121 957 libidini
1134 894 1243 968 servit,

285 996 370 1061 alius
400 994 555 1073 avaritias,
579 993 662 1058 alius
690 994 867 1070 ambitioni,
894 1016 1002 1058 omnes
1031 995 1109 1080 spei,
1134 1017 1243 1059 omnes

285 1099 406 1164 timori.
445 1098 491 1162 Et
506 1109 590 1161 certe
606 1096 692 1161 nulla
708 1097 844 1161 servitus
868 1097 1003 1184 turpior,
1019 1121 1114 1184 quam
1131 1098 1242 1163 volun-

286 1201 379 1267 taria.
419 1206 461 1266 At
484 1222 542 1263 nos
560 1200 676 1284 jugoa
698 1199 824 1263 fortuna
847 1200 996 1285 imposito
1018 1201 1245 1287 subjacentem,

287 1306 443 1390 tanquam
468 1303 629 1377 miserum,
653 1300 812 1385 vilemque
837 1305 1004 1366 calcamus.
1051 1303 1145 1380 Quod
1169 1327 1244 1367 vero

289 1428 349 1472 nos
364 1406 480 1470 nostris
497 1404 673 1468 cervicibus
695 1403 872 1478 inferimus,
889 1426 950 1466 non
974 1405 1117 1490 patimur
1138 1424 1244 1491 repre·

289 1508 399 1575 hendi.
440 1506 584 1570 Invenies
602 1506 687 1568 inter
703 1528 810 1568 servos
829 1507 969 1591 aliquem
985 1508 1119 1591 pecunia
1138 1509 1247 1572 sortio-

290 1633 377 1676 rem:
412 1608 552 1674 invenies
577 1607 754 1683 dominum,
782 1630 837 1693 spe
866 1609 946 1672 lucri
972 1609 1080 1673 oscula
1110 1612 1245 1675 aliorum

288 1736 454 1780 servorum
485 1711 631 1775 manibus
661 1710 853 1794 infigentem.
906 1715 978 1776 Non
1011 1734 1088 1797 ergo
1117 1714 1247 1778 fortuna

291 1814 437 1880 homines
461 1812 637 1888 aestimabo,
664 1811 718 1875 sed
747 1812 897 1877 moribus.
936 1812 1004 1877 Sibi
1031 1814 1164 1900 quisque
1190 1815 1248 1879 dat

292 1939 407 1991 mores,
430 1915 641 1980 conditionem
668 1937 757 1978 casus
781 1915 931 1999 assignat.
970 1917 1247 1993 Quemadmodum

294 2017 413 2083 stultus
424 2030 483 2096 est,
494 2016 550 2102 qui
562 2030 730 2102 empturus
745 2039 875 2102 equum,
887 2039 950 2079 non
967 2017 1070 2103 ipsum
1083 2018 1247 2105 conspicit,

293 2119 350 2185 sed
369 2132 489 2184 statum
512 2118 582 2201 ejus
596 2142 633 2182 ac
655 2118 778 2182 frenos:
812 2118 855 2182 sic
878 2119 1086 2184 stultissimus
1108 2135 1168 2199 est,
1192 2121 1248 2207 qui

294 2222 454 2287 homiaem
467 2233 523 2285 aut
535 2244 574 2285 ex
591 2221 784 2297 conditione,
796 2234 851 2285 aut
867 2244 907 2285 cx
925 2236 1010 2286 veste
1025 2223 1248 2288 oestimandum

295 2337 401 2411 putat.
433 2324 504 2386 Non
516 2335 577 2400 est,
587 2324 629 2386 mi
642 2322 815 2408 Evangele,
826 2324 912 2410 qnod
926 2323 1061 2388 amicum
1075 2337 1199 2389 tantum
1218 2327 1249 2388 iu

294 2425 379 2502 foro,
401 2438 434 2488 et
452 2424 589 2488 incuria
610 2446 747 2507 quaeras,
763 2425 788 2486 si
812 2423 982 2508 diligenter
1002 2425 1187 2503 attenderis,
1203 2427 1250 2490 in-

295 2526 402 2590 venies
416 2537 449 2589 et
464 2525 560 2589 domi.
600 2525 654 2588 Tu
670 2524 765 2587 modo
780 2524 851 2587 viva
871 2547 943 2588 cum
961 2548 1051 2589 servo
1069 2527 1250 2603 clementer,

295 2627 429 2693 comiter
444 2650 585 2712 quoque,
600 2641 632 2689 et
648 2625 678 2688 in
695 2647 869 2688 sermonem
891 2624 993 2700 illum,
1009 2640 1040 2688 et
1063 2627 1094 2688 in
1113 2649 1250 2691 neccssa-

296 2730 379 2794 rium
391 2749 618 2812 nonnunquam
631 2726 765 2791 admitte
776 2725 952 2790 consilium.
979 2731 1061 2791 Nam
1074 2741 1106 2790 et
1118 2728 1252 2813 majores

295 2829 409 2909 nostri,
423 2851 547 2893 omnem
560 2828 697 2893 dominis
711 2827 876 2900 invidiam,
888 2849 1012 2891 omnem
1028 2829 1125 2891 servis
1140 2844 1251 2894 coutu-

296 2934 423 2998 meliam
439 2931 655 3007 detrahentes,
667 2930 831 2993 dominum
849 2940 968 3014 patrem
986 2929 1133 3007 familias,
1146 2955 1252 2996 servos

295 3035 469 3102 familiares
484 3031 735 3119 appellaverunt.
773 3031 888 3097 Colant
904 3055 980 3115 ergo
999 3045 1030 3095 te
1045 3033 1154 3118 potius
1169 3036 1251 3098 servi

296 3139 359 3219 tui,
370 3137 447 3203 mibi
464 3135 568 3215 crede,
578 3157 674 3220 quam
688 3132 830 3210 timeant,
844 3156 900 3196 nec
913 3131 970 3196 tibi
984 3156 1095 3217 parum
1106 3135 1254 3200 videatur

296 3264 367 3306 esse
396 3238 484 3326 quod
514 3237 576 3301 diis
606 3236 681 3300 satis
711 3249 768 3299 est.
809 3239 891 3299 Nam
923 3236 978 3319 qui
1005 3235 1132 3315 colitur,
1157 3238 1252 3301 etiam

295 3355 434 3408 amatur.
466 3344 534 3405 Nec
550 3352 654 3426 potest
671 3361 758 3402 amor
773 3361 845 3401 cum
863 3337 975 3401 timore
991 3339 1121 3403 misceri.
1157 3340 1253 3404 Unde

297 3445 382 3512 enim
409 3457 504 3528 putas
529 3442 822 3526 arrogantissimum
854 3439 935 3503 illud
964 3463 1104 3504 manasse
1126 3464 1254 3527 prover·
1336 3454 1339 3460 '

298 3548 403 3622 bium,
425 3569 492 3631 qno
509 3545 662 3631 jactatur,
682 3543 814 3608 totidem
839 3544 931 3608 nobis
951 3543 1059 3607 hostes
1078 3566 1156 3621 esse,
1173 3560 1253 3629 quot

298 3652 429 3714 servos?
456 3650 529 3712 Non
546 3646 701 3710 habemus
712 3645 819 3709 hostes
831 3645 911 3723 illos,
924 3643 977 3707 sed
991 3644 1135 3721 facimus,
1153 3670 1253 3732 quum

297 3753 331 3816 in
346 3750 419 3815 illos
430 3748 655 3835 superbissimi,
671 3746 989 3821 contumeliosissimi,
1001 3761 1032 3811 et
1044 3748 1255 3814 crudelissimi

300 3875 422 3928 sumus,
444 3867 476 3915 et
502 3850 541 3912 ad
571 3851 688 3912 rabiem
716 3872 773 3912 nos
797 3862 917 3933 cogunt
942 3851 1049 3913 venire
1072 3849 1200 3930 delitiae,
1219 3866 1255 3914 ut

300 3952 457 4040 quioquid
474 3975 536 4015 non
553 3974 591 4014 ex
604 3950 769 4013 voluntate
786 3951 994 4035 responderit,
1007 3950 1085 4014 iram
1102 3952 1256 4016 furorem-

298 4078 362 4143 que
387 4067 549 4142 provocet.
589 4049 683 4116 Domi
711 4052 793 4113 enim
822 4051 912 4113 nobis
942 4054 1064 4115 animos
1093 4049 1256 4113 induimus

300 4171 522 4242 tyrannorum,
533 4168 564 4218 et
579 4176 640 4217 non
654 4164 809 4239 quantum
820 4151 922 4225 decet,
935 4151 988 4214 sed
1002 4164 1157 4237 quantum
1172 4149 1256 4224 licet,

299 4279 449 4323 exercere
470 4253 617 4319 volumus
635 4255 666 4317 in
683 4275 799 4316 servos.
838 4256 920 4316 Nam
940 4265 973 4315 ut
993 4269 1106 4314 caetera
1121 4250 1258 4313 crudeli-

300 4360 376 4424 tatis
386 4381 505 4445 genara
517 4372 715 4442 praeteream,
726 4369 798 4417 sunt
813 4353 957 4438 quidum
972 4375 1004 4415 se
1019 4372 1134 4414 mensa
1147 4351 1257 4436 copiis,

756 4473 777 4516 r
792 4461 812 4516 2
