<?xml version="1.0" encoding="UTF-8"?>
<!DOCTYPE html PUBLIC "-//W3C//DTD XHTML 1.0 Transitional//EN"
    "http://www.w3.org/TR/xhtml1/DTD/xhtml1-transitional.dtd">
<html xmlns="http://www.w3.org/1999/xhtml" xml:lang="en" lang="en">
 <head>
  <title>
</title>
<meta http-equiv="Content-Type" content="text/html;charset=utf-8" />
  <meta name='ocr-system' content='tesseract 3.04.00' />
  <meta name='ocr-capabilities' content='ocr_page ocr_carea ocr_par ocr_line ocrx_word'/>
</head>
<body>
  <div class='ocr_page' id='page_1' title='image "./joannissaresber17johngoog_0109.png"; bbox 0 0 3550 5467; ppageno 0'>
   <div class='ocr_carea' id='block_1_1' title="bbox 404 732 1375 816">
    <p class='ocr_par' dir='ltr' id='par_1_1' title="bbox 404 732 1375 816">
     <span class='ocr_line' id='line_1_1' title="bbox 404 732 1375 816; baseline 0.008 -20"><span class='ocrx_word' id='word_1_1' title='bbox 404 750 481 797; x_wconf 77' lang='lat' dir='ltr'>cnr.</span> <span class='ocrx_word' id='word_1_2' title='bbox 498 732 562 816; x_wconf 75' lang='lat' dir='ltr'>vu]</span> <span class='ocrx_word' id='word_1_3' title='bbox 769 751 1027 799; x_wconf 76' lang='lat' dir='ltr'>murcunrrous.</span> <span class='ocrx_word' id='word_1_4' title='bbox 1332 745 1375 804; x_wconf 73' lang='grc'>’99</span> 
     </span>
    </p>
   </div>
   <div class='ocr_carea' id='block_1_2' title="bbox 404 903 1371 2106">
    <p class='ocr_par' dir='ltr' id='par_1_2' title="bbox 404 903 1371 2106">
     <span class='ocr_line' id='line_1_2' title="bbox 410 903 1370 995; baseline 0.005 -29"><span class='ocrx_word' id='word_1_5' title='bbox 410 904 463 966; x_wconf 82' lang='lat' dir='ltr'>Ex</span> <span class='ocrx_word' id='word_1_6' title='bbox 477 925 518 966; x_wconf 93' lang='lat' dir='ltr'>eo</span> <span class='ocrx_word' id='word_1_7' title='bbox 539 915 648 968; x_wconf 89' lang='lat' dir='ltr'>tamen</span> <span class='ocrx_word' id='word_1_8' title='bbox 663 916 695 967; x_wconf 91' lang='lat' dir='ltr'>et</span> <span class='ocrx_word' id='word_1_9' title='bbox 718 903 777 967; x_wconf 93' lang='lat' dir='ltr'>hoc</span> <span class='ocrx_word' id='word_1_10' title='bbox 793 903 962 989; x_wconf 87' lang='lat' dir='ltr'>vulgatum</span> <span class='ocrx_word' id='word_1_11' title='bbox 984 918 1043 981; x_wconf 88' lang='lat' dir='ltr'>est,</span> <span class='ocrx_word' id='word_1_12' title='bbox 1060 905 1138 990; x_wconf 91' lang='lat' dir='ltr'>quin</span> <span class='ocrx_word' id='word_1_13' title='bbox 1159 905 1290 971; x_wconf 82' lang='lat' dir='ltr'>fuerunt</span> <span class='ocrx_word' id='word_1_14' title='bbox 1313 910 1370 995; x_wconf 90' lang='lat' dir='ltr'>qui</span> 
     </span>
     <span class='ocr_line' id='line_1_3' title="bbox 410 1003 1370 1094; baseline 0.006 -26"><span class='ocrx_word' id='word_1_15' title='bbox 410 1005 592 1068; x_wconf 80' lang='lat' dir='ltr'><strong>Homerum</strong></span> <span class='ocrx_word' id='word_1_16' title='bbox 616 1003 818 1090; x_wconf 75' lang='lat' dir='ltr'>aequivocum</span> <span class='ocrx_word' id='word_1_17' title='bbox 835 1003 979 1071; x_wconf 83' lang='lat' dir='ltr'><strong>Platonis</strong></span> <span class='ocrx_word' id='word_1_18' title='bbox 999 1005 1153 1085; x_wconf 85' lang='lat' dir='ltr'>dicerent,</span> <span class='ocrx_word' id='word_1_19' title='bbox 1168 1023 1298 1094; x_wconf 87' lang='lat' dir='ltr'>propter</span> <span class='ocrx_word' id='word_1_20' title='bbox 1315 1033 1370 1074; x_wconf 87' lang='lat' dir='ltr'>ex-</span> 
     </span>
     <span class='ocr_line' id='line_1_4' title="bbox 405 1104 1371 1194; baseline 0.006 -25"><span class='ocrx_word' id='word_1_21' title='bbox 405 1104 589 1170; x_wconf 83' lang='lat' dir='ltr'>cellentiam</span> <span class='ocrx_word' id='word_1_22' title='bbox 605 1105 779 1193; x_wconf 72' lang='lat' dir='ltr'>sapientiai,</span> <span class='ocrx_word' id='word_1_23' title='bbox 795 1106 946 1171; x_wconf 85' lang='lat' dir='ltr'>sermonis</span> <span class='ocrx_word' id='word_1_24' title='bbox 960 1108 1162 1194; x_wconf 82' lang='lat' dir='ltr'><strong>elegantiam,</strong></span> <span class='ocrx_word' id='word_1_25' title='bbox 1174 1123 1210 1174; x_wconf 91' lang='lat' dir='ltr'>et</span> <span class='ocrx_word' id='word_1_26' title='bbox 1225 1109 1371 1176; x_wconf 83' lang='lat' dir='ltr'>latitudi-</span> 
     </span>
     <span class='ocr_line' id='line_1_5' title="bbox 406 1207 1368 1299; baseline 0.007 -30"><span class='ocrx_word' id='word_1_27' title='bbox 406 1225 480 1270; x_wconf 82' lang='lat' dir='ltr'>nem</span> <span class='ocrx_word' id='word_1_28' title='bbox 496 1208 650 1292; x_wconf 83' lang='lat' dir='ltr'>pectoris.</span> <span class='ocrx_word' id='word_1_29' title='bbox 684 1208 766 1272; x_wconf 89' lang='lat' dir='ltr'>Nam</span> <span class='ocrx_word' id='word_1_30' title='bbox 779 1207 864 1272; x_wconf 88' lang='lat' dir='ltr'>viros</span> <span class='ocrx_word' id='word_1_31' title='bbox 879 1208 1000 1273; x_wconf 84' lang='lat' dir='ltr'>nobiles</span> <span class='ocrx_word' id='word_1_32' title='bbox 1008 1223 1133 1275; x_wconf 89' lang='lat' dir='ltr'>certum</span> <span class='ocrx_word' id='word_1_33' title='bbox 1149 1223 1198 1275; x_wconf 91' lang='lat' dir='ltr'>est</span> <span class='ocrx_word' id='word_1_34' title='bbox 1213 1211 1368 1299; x_wconf 84' lang='lat' dir='ltr'>polyony-</span> 
     </span>
     <span class='ocr_line' id='line_1_6' title="bbox 408 1308 1368 1397; baseline 0.008 -25"><span class='ocrx_word' id='word_1_35' title='bbox 408 1329 478 1372; x_wconf 85' lang='lat' dir='ltr'>mos</span> <span class='ocrx_word' id='word_1_36' title='bbox 491 1309 649 1374; x_wconf 76' lang='lat' dir='ltr'>extitisse.</span> <span class='ocrx_word' id='word_1_37' title='bbox 694 1308 838 1375; x_wconf 81' lang='lat' dir='ltr'>Decessit</span> <span class='ocrx_word' id='word_1_38' title='bbox 853 1321 959 1374; x_wconf 86' lang='lat' dir='ltr'>autem</span> <span class='ocrx_word' id='word_1_39' title='bbox 974 1312 1138 1397; x_wconf 84' lang='lat' dir='ltr'>octoginta</span> <span class='ocrx_word' id='word_1_40' title='bbox 1151 1314 1242 1377; x_wconf 87' lang='lat' dir='ltr'>annis</span> <span class='ocrx_word' id='word_1_41' title='bbox 1257 1328 1289 1378; x_wconf 89' lang='lat' dir='ltr'>et</span> <span class='ocrx_word' id='word_1_42' title='bbox 1305 1338 1368 1380; x_wconf 91' lang='lat' dir='ltr'>uuo</span> 
     </span>
     <span class='ocr_line' id='line_1_7' title="bbox 407 1410 1368 1501; baseline 0.008 -27"><span class='ocrx_word' id='word_1_43' title='bbox 407 1410 556 1497; x_wconf 87' lang='lat' dir='ltr'>expletis,</span> <span class='ocrx_word' id='word_1_44' title='bbox 578 1412 611 1475; x_wconf 93' lang='lat' dir='ltr'>in</span> <span class='ocrx_word' id='word_1_45' title='bbox 637 1421 727 1476; x_wconf 88' lang='lat' dir='ltr'>tanta</span> <span class='ocrx_word' id='word_1_46' title='bbox 752 1410 928 1477; x_wconf 88' lang='lat' dir='ltr'>reverentia</span> <span class='ocrx_word' id='word_1_47' title='bbox 948 1416 1103 1492; x_wconf 90' lang='lat' dir='ltr'>omnium,</span> <span class='ocrx_word' id='word_1_48' title='bbox 1126 1427 1158 1480; x_wconf 89' lang='lat' dir='ltr'>et</span> <span class='ocrx_word' id='word_1_49' title='bbox 1183 1416 1368 1501; x_wconf 85' lang='lat' dir='ltr'>integritate</span> 
     </span>
     <span class='ocr_line' id='line_1_8' title="bbox 406 1511 1368 1591; baseline 0.005 -16"><span class='ocrx_word' id='word_1_50' title='bbox 406 1512 623 1590; x_wconf 74' lang='lat' dir='ltr'>auctoritatis,</span> <span class='ocrx_word' id='word_1_51' title='bbox 638 1523 676 1577; x_wconf 92' lang='lat' dir='ltr'>ut</span> <span class='ocrx_word' id='word_1_52' title='bbox 690 1511 746 1575; x_wconf 89' lang='lat' dir='ltr'>diu</span> <span class='ocrx_word' id='word_1_53' title='bbox 762 1511 949 1577; x_wconf 82' lang='lat' dir='ltr'>dubitatum</span> <span class='ocrx_word' id='word_1_54' title='bbox 964 1514 1075 1591; x_wconf 84' lang='lat' dir='ltr'>fuerit,</span> <span class='ocrx_word' id='word_1_55' title='bbox 1091 1515 1153 1580; x_wconf 85' lang='lat' dir='ltr'>diis</span> <span class='ocrx_word' id='word_1_56' title='bbox 1167 1538 1207 1579; x_wconf 89' lang='lat' dir='ltr'>an</span> <span class='ocrx_word' id='word_1_57' title='bbox 1223 1517 1368 1582; x_wconf 76' lang='lat' dir='ltr'>semideis</span> 
     </span>
     <span class='ocr_line' id='line_1_9' title="bbox 405 1614 1368 1702; baseline 0.005 -25"><span class='ocrx_word' id='word_1_58' title='bbox 405 1626 491 1678; x_wconf 81' lang='lat' dir='ltr'>esset</span> <span class='ocrx_word' id='word_1_59' title='bbox 513 1614 623 1700; x_wconf 86' lang='lat' dir='ltr'>potius</span> <span class='ocrx_word' id='word_1_60' title='bbox 643 1614 879 1700; x_wconf 78' lang='lat' dir='ltr'>aggregandus.</span> <span class='ocrx_word' id='word_1_61' title='bbox 925 1616 988 1679; x_wconf 86' lang='lat' dir='ltr'>Sed</span> <span class='ocrx_word' id='word_1_62' title='bbox 1010 1631 1043 1679; x_wconf 91' lang='lat' dir='ltr'>et</span> <span class='ocrx_word' id='word_1_63' title='bbox 1066 1639 1166 1702; x_wconf 88' lang='lat' dir='ltr'>quum</span> <span class='ocrx_word' id='word_1_64' title='bbox 1190 1631 1288 1683; x_wconf 84' lang='lat' dir='ltr'>aetate</span> <span class='ocrx_word' id='word_1_65' title='bbox 1313 1619 1368 1682; x_wconf 79' lang='lat' dir='ltr'>illa</span> 
     </span>
     <span class='ocr_line' id='line_1_10' title="bbox 405 1713 1369 1804; baseline 0.006 -27"><span class='ocrx_word' id='word_1_66' title='bbox 405 1713 590 1794; x_wconf 85' lang='lat' dir='ltr'>deficiente,</span> <span class='ocrx_word' id='word_1_67' title='bbox 613 1715 727 1779; x_wconf 88' lang='lat' dir='ltr'>merita</span> <span class='ocrx_word' id='word_1_68' title='bbox 756 1715 912 1780; x_wconf 85' lang='lat' dir='ltr'>virtutum</span> <span class='ocrx_word' id='word_1_69' title='bbox 939 1717 1021 1803; x_wconf 83' lang='lat' dir='ltr'>ejus,</span> <span class='ocrx_word' id='word_1_70' title='bbox 1053 1729 1203 1804; x_wconf 82' lang='lat' dir='ltr'>tanquam</span> <span class='ocrx_word' id='word_1_71' title='bbox 1234 1719 1369 1783; x_wconf 87' lang='lat' dir='ltr'>incredi-</span> 
     </span>
     <span class='ocr_line' id='line_1_11' title="bbox 408 1815 1366 1903; baseline 0.004 -23"><span class='ocrx_word' id='word_1_72' title='bbox 408 1815 497 1893; x_wconf 84' lang='lat' dir='ltr'>bilia,</span> <span class='ocrx_word' id='word_1_73' title='bbox 513 1816 750 1903; x_wconf 90' lang='lat' dir='ltr'>quodammodo</span> <span class='ocrx_word' id='word_1_74' title='bbox 764 1816 804 1880; x_wconf 88' lang='lat' dir='ltr'>ad</span> <span class='ocrx_word' id='word_1_75' title='bbox 821 1817 1024 1903; x_wconf 83' lang='lat' dir='ltr'>antiquitatis</span> <span class='ocrx_word' id='word_1_76' title='bbox 1045 1817 1172 1884; x_wconf 82' lang='lat' dir='ltr'>tabulas</span> <span class='ocrx_word' id='word_1_77' title='bbox 1187 1837 1366 1903; x_wconf 79' lang='lat' dir='ltr'>vergerent,</span> 
     </span>
     <span class='ocr_line' id='line_1_12' title="bbox 407 1917 1366 2003; baseline 0.005 -22"><span class='ocrx_word' id='word_1_78' title='bbox 407 1918 514 2003; x_wconf 88' lang='lat' dir='ltr'>ipsum</span> <span class='ocrx_word' id='word_1_79' title='bbox 536 1917 619 1982; x_wconf 87' lang='lat' dir='ltr'>inter</span> <span class='ocrx_word' id='word_1_80' title='bbox 641 1917 797 1983; x_wconf 87' lang='lat' dir='ltr'>semideos</span> <span class='ocrx_word' id='word_1_81' title='bbox 818 1918 1033 1983; x_wconf 85' lang='lat' dir='ltr'>venerandum</span> <span class='ocrx_word' id='word_1_82' title='bbox 1057 1919 1165 1985; x_wconf 80' lang='lat' dir='ltr'>Labeo</span> <span class='ocrx_word' id='word_1_83' title='bbox 1185 1921 1307 2000; x_wconf 85' lang='lat' dir='ltr'>scribit,</span> <span class='ocrx_word' id='word_1_84' title='bbox 1330 1933 1366 1988; x_wconf 92' lang='lat' dir='ltr'>ut</span> 
     </span>
     <span class='ocr_line' id='line_1_13' title="bbox 404 2018 1332 2106; baseline 0.003 -24"><span class='ocrx_word' id='word_1_85' title='bbox 404 2019 565 2105; x_wconf 82' lang='lat' dir='ltr'>quiddam</span> <span class='ocrx_word' id='word_1_86' title='bbox 580 2019 684 2106; x_wconf 86' lang='lat' dir='ltr'>majus</span> <span class='ocrx_word' id='word_1_87' title='bbox 699 2018 836 2099; x_wconf 89' lang='lat' dir='ltr'>homine,</span> <span class='ocrx_word' id='word_1_88' title='bbox 851 2021 956 2086; x_wconf 89' lang='lat' dir='ltr'>minus</span> <span class='ocrx_word' id='word_1_89' title='bbox 972 2018 1043 2084; x_wconf 89' lang='lat' dir='ltr'>Deo</span> <span class='ocrx_word' id='word_1_90' title='bbox 1058 2018 1155 2086; x_wconf 83' lang='lat' dir='ltr'>fuisse</span> <span class='ocrx_word' id='word_1_91' title='bbox 1169 2021 1332 2088; x_wconf 86' lang='lat' dir='ltr'>doceatur.</span> 
     </span>
    </p>
   </div>
   <div class='ocr_carea' id='block_1_3' title="bbox 407 2283 1368 2572">
    <p class='ocr_par' dir='ltr' id='par_1_3' title="bbox 407 2283 1368 2572">
     <span class='ocr_line' id='line_1_14' title="bbox 407 2283 1368 2371; baseline 0.002 -19"><span class='ocrx_word' id='word_1_92' title='bbox 407 2283 491 2371; x_wconf 86' lang='lat' dir='ltr'>Cap.</span> <span class='ocrx_word' id='word_1_93' title='bbox 506 2291 540 2350; x_wconf 83' lang='lat'>6.</span> <span class='ocrx_word' id='word_1_94' title='bbox 564 2286 618 2352; x_wconf 82' lang='lat' dir='ltr'>Da</span> <span class='ocrx_word' id='word_1_95' title='bbox 631 2285 812 2362; x_wconf 79' lang='lat' dir='ltr'>Aristotele,</span> <span class='ocrx_word' id='word_1_96' title='bbox 828 2293 859 2350; x_wconf 88' lang='lat' dir='ltr'>et</span> <span class='ocrx_word' id='word_1_97' title='bbox 872 2289 1023 2370; x_wconf 79' lang='lat' dir='ltr'>opinione</span> <span class='ocrx_word' id='word_1_98' title='bbox 1036 2286 1118 2368; x_wconf 78' lang='lat' dir='ltr'>ejus,</span> <span class='ocrx_word' id='word_1_99' title='bbox 1134 2296 1166 2353; x_wconf 88' lang='lat' dir='ltr'>et</span> <span class='ocrx_word' id='word_1_100' title='bbox 1179 2291 1314 2354; x_wconf 79' lang='lat' dir='ltr'>etudiia:</span> <span class='ocrx_word' id='word_1_101' title='bbox 1337 2296 1368 2354; x_wconf 88' lang='lat' dir='ltr'>et</span> 
     </span>
     <span class='ocr_line' id='line_1_15' title="bbox 450 2390 1367 2474; baseline 0.007 -23"><span class='ocrx_word' id='word_1_102' title='bbox 450 2390 540 2474; x_wconf 75' lang='lat' dir='ltr'>quod</span> <span class='ocrx_word' id='word_1_103' title='bbox 551 2390 652 2452; x_wconf 82' lang='lat' dir='ltr'>variis</span> <span class='ocrx_word' id='word_1_104' title='bbox 665 2390 940 2471; x_wconf 65' lang='lat' dir='ltr'>disputationibus</span> <span class='ocrx_word' id='word_1_105' title='bbox 954 2391 1184 2456; x_wconf 79' lang='lat' dir='ltr'>dubitationem</span> <span class='ocrx_word' id='word_1_106' title='bbox 1199 2393 1367 2457; x_wconf 73' lang='lat' dir='ltr'>Acadama·-</span> 
     </span>
     <span class='ocr_line' id='line_1_16' title="bbox 448 2491 1059 2572; baseline -0.003 -18"><span class='ocrx_word' id='word_1_107' title='bbox 448 2510 562 2554; x_wconf 81' lang='lat' dir='ltr'>corum</span> <span class='ocrx_word' id='word_1_108' title='bbox 576 2492 691 2553; x_wconf 75' lang='lat' dir='ltr'>mouit:</span> <span class='ocrx_word' id='word_1_109' title='bbox 713 2496 744 2554; x_wconf 83' lang='lat' dir='ltr'>et</span> <span class='ocrx_word' id='word_1_110' title='bbox 758 2491 797 2553; x_wconf 82' lang='lat' dir='ltr'>de</span> <span class='ocrx_word' id='word_1_111' title='bbox 810 2492 926 2572; x_wconf 83' lang='lat' dir='ltr'>regula</span> <span class='ocrx_word' id='word_1_112' title='bbox 939 2511 1059 2554; x_wconf 83' lang='lat' dir='ltr'>aarum.</span> 
     </span>
    </p>
   </div>
   <div class='ocr_carea' id='block_1_4' title="bbox 405 2612 1367 4506">
    <p class='ocr_par' dir='ltr' id='par_1_4' title="bbox 405 2612 1367 4428">
     <span class='ocr_line' id='line_1_17' title="bbox 454 2612 1366 2702; baseline 0.001 -22"><span class='ocrx_word' id='word_1_113' title='bbox 454 2614 521 2680; x_wconf 77' lang='lat' dir='ltr'>Son</span> <span class='ocrx_word' id='word_1_114' title='bbox 535 2637 554 2679; x_wconf 88' lang='lat' dir='ltr'>e</span> <span class='ocrx_word' id='word_1_115' title='bbox 567 2612 649 2678; x_wconf 88' lang='lat' dir='ltr'>ooelo</span> <span class='ocrx_word' id='word_1_116' title='bbox 664 2613 751 2678; x_wconf 88' lang='lat' dir='ltr'>visus</span> <span class='ocrx_word' id='word_1_117' title='bbox 770 2626 817 2679; x_wconf 86' lang='lat' dir='ltr'>eat</span> <span class='ocrx_word' id='word_1_118' title='bbox 831 2614 992 2690; x_wconf 86' lang='lat' dir='ltr'>cecidisse,</span> <span class='ocrx_word' id='word_1_119' title='bbox 1007 2637 1074 2700; x_wconf 87' lang='lat' dir='ltr'>qua</span> <span class='ocrx_word' id='word_1_120' title='bbox 1094 2616 1147 2680; x_wconf 91' lang='lat' dir='ltr'>die</span> <span class='ocrx_word' id='word_1_121' title='bbox 1162 2615 1366 2702; x_wconf 84' lang='lat' dir='ltr'>philosopho-</span> 
     </span>
     <span class='ocr_line' id='line_1_18' title="bbox 408 2715 1366 2805; baseline 0.004 -26"><span class='ocrx_word' id='word_1_122' title='bbox 408 2737 482 2780; x_wconf 88' lang='lat' dir='ltr'>rum</span> <span class='ocrx_word' id='word_1_123' title='bbox 505 2717 654 2802; x_wconf 85' lang='lat' dir='ltr'>princeps</span> <span class='ocrx_word' id='word_1_124' title='bbox 668 2715 760 2781; x_wconf 81' lang='lat' dir='ltr'>Plato</span> <span class='ocrx_word' id='word_1_125' title='bbox 782 2716 878 2781; x_wconf 90' lang='lat' dir='ltr'>rebus</span> <span class='ocrx_word' id='word_1_126' title='bbox 895 2715 1031 2781; x_wconf 84' lang='lat' dir='ltr'>excessit</span> <span class='ocrx_word' id='word_1_127' title='bbox 1051 2715 1210 2797; x_wconf 85' lang='lat' dir='ltr'>humanis,</span> <span class='ocrx_word' id='word_1_128' title='bbox 1222 2730 1255 2782; x_wconf 90' lang='lat' dir='ltr'>et</span> <span class='ocrx_word' id='word_1_129' title='bbox 1275 2721 1366 2805; x_wconf 88' lang='lat' dir='ltr'>quasi</span> 
     </span>
     <span class='ocr_line' id='line_1_19' title="bbox 408 2815 1367 2903; baseline 0.003 -23"><span class='ocrx_word' id='word_1_130' title='bbox 408 2817 572 2882; x_wconf 87' lang='lat' dir='ltr'>lucernam</span> <span class='ocrx_word' id='word_1_131' title='bbox 589 2816 700 2881; x_wconf 89' lang='lat' dir='ltr'>mundi</span> <span class='ocrx_word' id='word_1_132' title='bbox 722 2817 897 2884; x_wconf 85' lang='lat' dir='ltr'>extinctam</span> <span class='ocrx_word' id='word_1_133' title='bbox 913 2815 1122 2892; x_wconf 78' lang='lat' dir='ltr'>defleverunt,</span> <span class='ocrx_word' id='word_1_134' title='bbox 1145 2816 1201 2903; x_wconf 89' lang='lat' dir='ltr'>qui</span> <span class='ocrx_word' id='word_1_135' title='bbox 1215 2819 1257 2882; x_wconf 88' lang='lat' dir='ltr'>ad</span> <span class='ocrx_word' id='word_1_136' title='bbox 1280 2819 1367 2884; x_wconf 89' lang='lat' dir='ltr'>thro-</span> 
     </span>
     <span class='ocr_line' id='line_1_20' title="bbox 407 2917 1367 3004; baseline 0.003 -21"><span class='ocrx_word' id='word_1_137' title='bbox 407 2939 488 2984; x_wconf 87' lang='lat' dir='ltr'>num</span> <span class='ocrx_word' id='word_1_138' title='bbox 509 2917 685 3004; x_wconf 79' lang='lat' dir='ltr'>sapientioe‚</span> <span class='ocrx_word' id='word_1_139' title='bbox 700 2919 752 2982; x_wconf 91' lang='lat' dir='ltr'>cui</span> <span class='ocrx_word' id='word_1_140' title='bbox 773 2917 828 2981; x_wconf 80' lang='lat' dir='ltr'>ilie</span> <span class='ocrx_word' id='word_1_141' title='bbox 848 2918 904 2981; x_wconf 90' lang='lat' dir='ltr'>diu</span> <span class='ocrx_word' id='word_1_142' title='bbox 928 2917 1134 3002; x_wconf 77' lang='lat' dir='ltr'>praesederat,</span> <span class='ocrx_word' id='word_1_143' title='bbox 1153 2941 1213 2982; x_wconf 78' lang='lat' dir='ltr'>sua</span> <span class='ocrx_word' id='word_1_144' title='bbox 1231 2919 1367 2986; x_wconf 85' lang='lat' dir='ltr'>arbitra-</span> 
     </span>
     <span class='ocr_line' id='line_1_21' title="bbox 410 3016 1365 3105; baseline 0.002 -20"><span class='ocrx_word' id='word_1_145' title='bbox 410 3019 531 3085; x_wconf 81' lang='lat' dir='ltr'>bantur</span> <span class='ocrx_word' id='word_1_146' title='bbox 544 3017 651 3084; x_wconf 80' lang='lat' dir='ltr'>studia</span> <span class='ocrx_word' id='word_1_147' title='bbox 670 3017 878 3104; x_wconf 72' lang='lat' dir='ltr'>praeferenda.</span> <span class='ocrx_word' id='word_1_148' title='bbox 924 3019 987 3085; x_wconf 85' lang='lat' dir='ltr'>Sed</span> <span class='ocrx_word' id='word_1_149' title='bbox 1007 3041 1108 3105; x_wconf 90' lang='lat' dir='ltr'>quum</span> <span class='ocrx_word' id='word_1_150' title='bbox 1129 3016 1159 3083; x_wconf 92' lang='lat' dir='ltr'>ei</span> <span class='ocrx_word' id='word_1_151' title='bbox 1176 3020 1365 3087; x_wconf 86' lang='lat' dir='ltr'>Aristoteles</span> 
     </span>
     <span class='ocr_line' id='line_1_22' title="bbox 406 3119 1366 3209; baseline 0.002 -23"><span class='ocrx_word' id='word_1_152' title='bbox 406 3119 598 3208; x_wconf 76' lang='lat' dir='ltr'>diecipulua,</span> <span class='ocrx_word' id='word_1_153' title='bbox 624 3119 674 3184; x_wconf 84' lang='lat' dir='ltr'>vir</span> <span class='ocrx_word' id='word_1_154' title='bbox 694 3120 878 3186; x_wconf 80' lang='lat' dir='ltr'>excellentis</span> <span class='ocrx_word' id='word_1_155' title='bbox 900 3119 1031 3204; x_wconf 85' lang='lat' dir='ltr'>ingenii,</span> <span class='ocrx_word' id='word_1_156' title='bbox 1051 3140 1084 3185; x_wconf 86' lang='lat' dir='ltr'>et</span> <span class='ocrx_word' id='word_1_157' title='bbox 1108 3121 1236 3185; x_wconf 86' lang='lat' dir='ltr'>Platoni</span> <span class='ocrx_word' id='word_1_158' title='bbox 1262 3123 1366 3209; x_wconf 86' lang='lat' dir='ltr'>impar</span> 
     </span>
     <span class='ocr_line' id='line_1_23' title="bbox 405 3220 1365 3310; baseline 0.001 -22"><span class='ocrx_word' id='word_1_159' title='bbox 405 3222 548 3310; x_wconf 83' lang='lat' dir='ltr'>eloquio,</span> <span class='ocrx_word' id='word_1_160' title='bbox 558 3222 615 3287; x_wconf 75' lang='lat' dir='ltr'>aad</span> <span class='ocrx_word' id='word_1_161' title='bbox 627 3222 745 3288; x_wconf 87' lang='lat' dir='ltr'>multos</span> <span class='ocrx_word' id='word_1_162' title='bbox 755 3222 848 3286; x_wconf 80' lang='lat' dir='ltr'>facile</span> <span class='ocrx_word' id='word_1_163' title='bbox 860 3243 1024 3308; x_wconf 83' lang='lat' dir='ltr'>superans,</span> <span class='ocrx_word' id='word_1_164' title='bbox 1036 3221 1068 3284; x_wconf 90' lang='lat' dir='ltr'>in</span> <span class='ocrx_word' id='word_1_165' title='bbox 1080 3220 1215 3288; x_wconf 90' lang='lat' dir='ltr'>docendi</span> <span class='ocrx_word' id='word_1_166' title='bbox 1226 3223 1365 3289; x_wconf 88' lang='lat' dir='ltr'>officium</span> 
     </span>
     <span class='ocr_line' id='line_1_24' title="bbox 407 3320 1363 3409; baseline 0.001 -20"><span class='ocrx_word' id='word_1_167' title='bbox 407 3324 620 3404; x_wconf 79' lang='lat' dir='ltr'>successisset,</span> <span class='ocrx_word' id='word_1_168' title='bbox 628 3322 720 3409; x_wconf 89' lang='lat' dir='ltr'>quasi</span> <span class='ocrx_word' id='word_1_169' title='bbox 732 3323 927 3387; x_wconf 86' lang='lat' dir='ltr'>matutinum</span> <span class='ocrx_word' id='word_1_170' title='bbox 938 3322 1029 3387; x_wconf 86' lang='lat' dir='ltr'>sidus</span> <span class='ocrx_word' id='word_1_171' title='bbox 1041 3320 1159 3388; x_wconf 80' lang='lat' dir='ltr'>effulsit</span> <span class='ocrx_word' id='word_1_172' title='bbox 1172 3323 1363 3405; x_wconf 85' lang='lat' dir='ltr'>hominibus,</span> 
     </span>
     <span class='ocr_line' id='line_1_25' title="bbox 406 3420 1365 3512; baseline 0.006 -24"><span class='ocrx_word' id='word_1_173' title='bbox 406 3423 644 3511; x_wconf 86' lang='lat' dir='ltr'>etquibusdam</span> <span class='ocrx_word' id='word_1_174' title='bbox 659 3420 847 3507; x_wconf 87' lang='lat' dir='ltr'>multiplicis</span> <span class='ocrx_word' id='word_1_175' title='bbox 858 3421 1069 3507; x_wconf 76' lang='lat' dir='ltr'>philosophiae</span> <span class='ocrx_word' id='word_1_176' title='bbox 1084 3424 1264 3512; x_wconf 64' lang='lat' dir='ltr'>praeceptis,</span> <span class='ocrx_word' id='word_1_177' title='bbox 1278 3431 1365 3494; x_wconf 90' lang='lat' dir='ltr'>velut</span> 
     </span>
     <span class='ocr_line' id='line_1_26' title="bbox 410 3523 1365 3617; baseline 0.008 -28"><span class='ocrx_word' id='word_1_178' title='bbox 410 3527 506 3592; x_wconf 84' lang='lat' dir='ltr'>variis</span> <span class='ocrx_word' id='word_1_179' title='bbox 528 3525 692 3612; x_wconf 79' lang='lat' dir='ltr'>sapientiae</span> <span class='ocrx_word' id='word_1_180' title='bbox 710 3524 809 3589; x_wconf 86' lang='lat' dir='ltr'>radiis</span> <span class='ocrx_word' id='word_1_181' title='bbox 831 3523 1003 3589; x_wconf 84' lang='lat' dir='ltr'>illustravit</span> <span class='ocrx_word' id='word_1_182' title='bbox 1021 3525 1141 3603; x_wconf 90' lang='lat' dir='ltr'>orbem,</span> <span class='ocrx_word' id='word_1_183' title='bbox 1157 3540 1189 3592; x_wconf 88' lang='lat' dir='ltr'>et</span> <span class='ocrx_word' id='word_1_184' title='bbox 1211 3540 1365 3617; x_wconf 87' lang='lat' dir='ltr'>tanquam</span> 
     </span>
     <span class='ocr_line' id='line_1_27' title="bbox 407 3626 1366 3711; baseline 0.005 -17"><span class='ocrx_word' id='word_1_185' title='bbox 407 3629 575 3696; x_wconf 87' lang='lat' dir='ltr'>oculorum</span> <span class='ocrx_word' id='word_1_186' title='bbox 597 3629 722 3693; x_wconf 87' lang='lat' dir='ltr'>detersa</span> <span class='ocrx_word' id='word_1_187' title='bbox 748 3626 895 3711; x_wconf 86' lang='lat' dir='ltr'>caligine,</span> <span class='ocrx_word' id='word_1_188' title='bbox 916 3626 958 3690; x_wconf 88' lang='lat' dir='ltr'>ad</span> <span class='ocrx_word' id='word_1_189' title='bbox 986 3629 1198 3693; x_wconf 86' lang='lat' dir='ltr'>contuendam</span> <span class='ocrx_word' id='word_1_190' title='bbox 1225 3633 1366 3699; x_wconf 85' lang='lat' dir='ltr'>veritatis</span> 
     </span>
     <span class='ocr_line' id='line_1_28' title="bbox 409 3729 1365 3816; baseline 0.003 -20"><span class='ocrx_word' id='word_1_191' title='bbox 409 3732 559 3816; x_wconf 81' lang='lat' dir='ltr'>speciem,</span> <span class='ocrx_word' id='word_1_192' title='bbox 588 3745 709 3793; x_wconf 89' lang='lat' dir='ltr'>mentes</span> <span class='ocrx_word' id='word_1_193' title='bbox 737 3729 901 3792; x_wconf 89' lang='lat' dir='ltr'>homiuum</span> <span class='ocrx_word' id='word_1_194' title='bbox 935 3729 1104 3814; x_wconf 85' lang='lat' dir='ltr'>reparavit.</span> <span class='ocrx_word' id='word_1_195' title='bbox 1159 3731 1284 3797; x_wconf 85' lang='lat' dir='ltr'>Sectam</span> <span class='ocrx_word' id='word_1_196' title='bbox 1314 3735 1365 3799; x_wconf 91' lang='lat' dir='ltr'>hic</span> 
     </span>
     <span class='ocr_line' id='line_1_29' title="bbox 408 3829 1366 3921; baseline 0.001 -22"><span class='ocrx_word' id='word_1_197' title='bbox 408 3831 654 3921; x_wconf 85' lang='lat' dir='ltr'>Peripateticam</span> <span class='ocrx_word' id='word_1_198' title='bbox 670 3830 825 3906; x_wconf 81' lang='lat' dir='ltr'>condidit,</span> <span class='ocrx_word' id='word_1_199' title='bbox 838 3830 882 3895; x_wconf 85' lang='lat' dir='ltr'>sic</span> <span class='ocrx_word' id='word_1_200' title='bbox 895 3829 1007 3916; x_wconf 86' lang='lat' dir='ltr'>utique</span> <span class='ocrx_word' id='word_1_201' title='bbox 1017 3830 1148 3908; x_wconf 88' lang='lat' dir='ltr'>dictam,</span> <span class='ocrx_word' id='word_1_202' title='bbox 1160 3834 1247 3918; x_wconf 90' lang='lat' dir='ltr'>quod</span> <span class='ocrx_word' id='word_1_203' title='bbox 1258 3835 1366 3900; x_wconf 87' lang='lat' dir='ltr'>deam-</span> 
     </span>
     <span class='ocr_line' id='line_1_30' title="bbox 408 3932 1367 4023; baseline 0.005 -23"><span class='ocrx_word' id='word_1_204' title='bbox 408 3935 524 4000; x_wconf 85' lang='lat' dir='ltr'>bulans</span> <span class='ocrx_word' id='word_1_205' title='bbox 544 3933 707 4018; x_wconf 85' lang='lat' dir='ltr'>disputare</span> <span class='ocrx_word' id='word_1_206' title='bbox 722 3948 941 4010; x_wconf 86' lang='lat' dir='ltr'>consueverat,</span> <span class='ocrx_word' id='word_1_207' title='bbox 956 3932 1175 4020; x_wconf 79' lang='lat' dir='ltr'>plurimosque</span> <span class='ocrx_word' id='word_1_208' title='bbox 1194 3935 1367 4023; x_wconf 85' lang='lat' dir='ltr'>discipulos</span> 
     </span>
     <span class='ocr_line' id='line_1_31' title="bbox 408 4034 1366 4122; baseline 0.004 -21"><span class='ocrx_word' id='word_1_209' title='bbox 408 4038 562 4122; x_wconf 72' lang='lat' dir='ltr'>praeclara</span> <span class='ocrx_word' id='word_1_210' title='bbox 577 4036 663 4099; x_wconf 81' lang='lat' dir='ltr'>fama</span> <span class='ocrx_word' id='word_1_211' title='bbox 683 4034 839 4099; x_wconf 86' lang='lat' dir='ltr'>excellens</span> <span class='ocrx_word' id='word_1_212' title='bbox 853 4046 886 4098; x_wconf 91' lang='lat' dir='ltr'>et</span> <span class='ocrx_word' id='word_1_213' title='bbox 901 4049 968 4098; x_wconf 88' lang='lat' dir='ltr'>arte</span> <span class='ocrx_word' id='word_1_214' title='bbox 988 4035 1156 4114; x_wconf 82' lang='lat' dir='ltr'>suadendi,</span> <span class='ocrx_word' id='word_1_215' title='bbox 1172 4037 1245 4103; x_wconf 89' lang='lat' dir='ltr'>vivo</span> <span class='ocrx_word' id='word_1_216' title='bbox 1260 4040 1366 4105; x_wconf 90' lang='lat' dir='ltr'>adhuc</span> 
     </span>
     <span class='ocr_line' id='line_1_32' title="bbox 408 4136 1367 4225; baseline 0.001 -22"><span class='ocrx_word' id='word_1_217' title='bbox 408 4137 653 4225; x_wconf 75' lang='lat' dir='ltr'>praeceptorem</span> <span class='ocrx_word' id='word_1_218' title='bbox 674 4158 764 4200; x_wconf 80' lang='lat' dir='ltr'>suam</span> <span class='ocrx_word' id='word_1_219' title='bbox 784 4136 918 4200; x_wconf 80' lang='lat' dir='ltr'>haeresin</span> <span class='ocrx_word' id='word_1_220' title='bbox 939 4139 1152 4221; x_wconf 83' lang='lat' dir='ltr'>congregavit.</span> <span class='ocrx_word' id='word_1_221' title='bbox 1199 4141 1367 4205; x_wconf 82' lang='lat' dir='ltr'>Tractavit</span> 
     </span>
     <span class='ocr_line' id='line_1_33' title="bbox 407 4237 1365 4325; baseline 0.002 -21"><span class='ocrx_word' id='word_1_222' title='bbox 407 4238 540 4324; x_wconf 89' lang='lat' dir='ltr'>quidem</span> <span class='ocrx_word' id='word_1_223' title='bbox 556 4261 666 4303; x_wconf 87' lang='lat' dir='ltr'>omnes</span> <span class='ocrx_word' id='word_1_224' title='bbox 681 4237 892 4325; x_wconf 78' lang='lat' dir='ltr'>philosophiae</span> <span class='ocrx_word' id='word_1_225' title='bbox 915 4251 1032 4322; x_wconf 85' lang='lat' dir='ltr'>partes,</span> <span class='ocrx_word' id='word_1_226' title='bbox 1046 4250 1078 4302; x_wconf 91' lang='lat' dir='ltr'>et</span> <span class='ocrx_word' id='word_1_227' title='bbox 1101 4254 1262 4325; x_wconf 74' lang='lat' dir='ltr'>praecepta</span> <span class='ocrx_word' id='word_1_228' title='bbox 1276 4240 1365 4306; x_wconf 84' lang='lat' dir='ltr'>dedit</span> 
     </span>
     <span class='ocr_line' id='line_1_34' title="bbox 409 4338 1366 4428; baseline 0.004 -25"><span class='ocrx_word' id='word_1_229' title='bbox 409 4341 440 4403; x_wconf 90' lang='lat' dir='ltr'>in</span> <span class='ocrx_word' id='word_1_230' title='bbox 456 4340 614 4428; x_wconf 83' lang='lat' dir='ltr'>singulas,</span> <span class='ocrx_word' id='word_1_231' title='bbox 631 4339 685 4404; x_wconf 88' lang='lat' dir='ltr'>sed</span> <span class='ocrx_word' id='word_1_232' title='bbox 708 4362 775 4425; x_wconf 76' lang='lat' dir='ltr'>prae</span> <span class='ocrx_word' id='word_1_233' title='bbox 790 4340 913 4404; x_wconf 77' lang='lat' dir='ltr'>caeteris</span> <span class='ocrx_word' id='word_1_234' title='bbox 928 4339 971 4402; x_wconf 89' lang='lat' dir='ltr'>sic</span> <span class='ocrx_word' id='word_1_235' title='bbox 995 4338 1178 4403; x_wconf 85' lang='lat' dir='ltr'>rationalem</span> <span class='ocrx_word' id='word_1_236' title='bbox 1195 4340 1318 4426; x_wconf 83' lang='lat' dir='ltr'>redegit</span> <span class='ocrx_word' id='word_1_237' title='bbox 1332 4344 1366 4406; x_wconf 93' lang='lat' dir='ltr'>in</span> 
     </span>
    </p>

    <p class='ocr_par' dir='ltr' id='par_1_5' title="bbox 861 4451 923 4506">
     <span class='ocr_line' id='line_1_35' title="bbox 861 4451 923 4506; baseline 0.016 -1"><span class='ocrx_word' id='word_1_238' title='bbox 861 4451 923 4506; x_wconf 83' lang='lat' dir='ltr'>n‘2</span> 
     </span>
    </p>
   </div>
   <div class='ocr_carea' id='block_1_5' title="bbox 0 0 1780 5467">
    <p class='ocr_par' dir='ltr' id='par_1_6' title="bbox 0 0 1780 5467">
     <span class='ocr_line' id='line_1_36' title="bbox 0 0 1780 5467; baseline 0 0"><span class='ocrx_word' id='word_1_239' title='bbox 0 0 1780 5467; x_wconf 95' lang='lat' dir='ltr'> </span> 
     </span>
    </p>
   </div>
  </div>
 </body>
</html>
