3550 5467
404 775 481 818 esu.
497 754 574 834 vin]
767 770 1020 817 PotrcttfflcUS.
1302 759 1375 833 933Ι

406 939 440 988 et
465 923 645 1010 perniciosa
663 923 852 987 ministrant.
900 923 950 987 lbi
976 923 1026 985 vix
1051 923 1178 987 tandem
1201 924 1242 988 ab
1264 924 1368 1009 epulis

407 1026 502 1110 quies
517 1024 721 1108 indulgetur:
745 1023 797 1087 hic
809 1023 957 1088 eximitur
970 1023 1081 1102 fames,
1092 1038 1124 1088 et
1134 1024 1248 1088 edendi
1260 1024 1366 1111 epulis

407 1124 595 1209 frugalibus
620 1123 841 1208 comprimitur
864 1121 968 1186 ardor.
1027 1125 1078 1187 Ibi
1109 1125 1242 1189 crinitus
1271 1126 1366 1211 lopas

409 1225 647 1290 luxuriantium
667 1224 808 1289 laetificat
829 1238 964 1288 coetum:
989 1224 1041 1288 hic
1063 1247 1128 1288 arae
1152 1224 1298 1290 sacerdos
1320 1248 1368 1289 re-

410 1326 581 1390 fectionem
598 1325 735 1390 sobriam
750 1338 911 1388 consecrat
928 1324 1081 1409 religioni.
1120 1328 1184 1391 Hie
1196 1340 1267 1411 post
1283 1350 1368 1390 men-

411 1451 478 1492 sam
502 1428 583 1491 seria
603 1440 792 1503 tractantur,
813 1440 844 1490 et
865 1426 907 1490 ad
931 1427 1114 1512 erigendam
1141 1428 1366 1512 rempublicam

412 1530 558 1615 exigitur
580 1529 670 1593 virile
693 1529 805 1594 robur:
840 1530 884 1594 ibi
910 1545 946 1593 ut
969 1530 1107 1594 luxuriae
1129 1532 1267 1609 l'aveant,
1289 1530 1368 1594 susis

411 1632 562 1719 precibus
577 1632 752 1697 invitantur
767 1645 798 1696 et
815 1633 956 1696 numina.
994 1636 1084 1696 Latae
1100 1646 1173 1695 sunt
1184 1654 1270 1716 ergo,
1286 1632 1368 1696 sicut

412 1736 445 1797 in
476 1734 731 1798 Saturnaliorum
757 1733 839 1798 libro
866 1734 997 1819 legitur,
1021 1734 1060 1796 ad
1087 1733 1244 1797 luxuriam
1271 1734 1369 1820 repri-

413 1840 561 1902 mendam
578 1840 664 1922 leges
679 1836 838 1922 plurimae,
853 1860 991 1923 quarum
1012 1837 1260 1923 perfunctoriam
1282 1859 1367 1901 meu-

415 1940 533 2004 tionem
564 1940 597 2002 in
627 1939 712 2003 calce
734 1939 838 2003 civilis
861 1939 1008 2018 convivii,
1031 1961 1087 2002 nec
1118 1939 1284 2003 taediosum
1308 1939 1367 2002 erit

414 2063 543 2126 ponere,
559 2062 617 2103 nec
631 2040 761 2104 omnino
775 2039 896 2104 inutile.

417 2231 497 2313 Cap.
516 2236 546 2291 7.
569 2228 622 2292 De
637 2229 767 2292 cibariis
786 2237 817 2292 et
834 2233 1052 2312 sarreptuariis
1075 2231 1200 2312 tegibus
1216 2237 1367 2304 veteram,

458 2330 501 2390 ad
522 2330 802 2410 intemperantiam
824 2331 1043 2394 coercendam:
1065 2337 1096 2393 et
1118 2331 1300 2417 differentia
1316 2352 1368 2394 aa·

459 2451 533 2492 ram
548 2431 724 2492 secandam
740 2432 999 2495 Portanianam:
1022 2441 1051 2494 et
1066 2434 1104 2495 de
1118 2435 1368 2514 intemperantia

459 2533 609 2610 Antonii,
624 2535 860 2615 etfrnpalitate
873 2535 961 2596 Jatii
981 2536 1134 2597 Canarii:
1158 2537 1198 2596 de
1213 2536 1371 2614 Aapusto,

458 2643 490 2698 et
505 2638 644 2707 Narone,
661 2642 691 2697 et
709 2635 744 2699 C.
763 2636 927 2718 Caligula,
943 2644 973 2699 et
995 2637 1124 2711 Vitellio,
1140 2643 1171 2698 et
1186 2636 1324 2698 Matella.

459 2759 573 2819 Purus
589 2776 666 2838 ergo
680 2755 821 2818 omnium
843 2754 883 2818 ad
906 2753 1061 2840 populum
1086 2754 1134 2817 lex
1158 2753 1276 2817 Orchia
1297 2774 1369 2837 per·

417 2857 518 2934 venit,
531 2856 738 2942 praescribens
748 2880 916 2932 summam,
927 2871 958 2919 et
971 2879 1136 2921 numerum
1148 2855 1367 2919 convivarum:

419 2960 540 3022 Verum
553 2975 657 3022 tamen
668 2957 960 3022 immoderationem
970 2971 1156 3043 sumptuum
1167 2978 1369 3041 nequaquam

419 3059 579 3134 cohibuit,
602 3059 679 3144 quin
708 3061 880 3145 unicuique
906 3059 1014 3123 liceret
1039 3083 1098 3146 pro
1126 3060 1259 3124 arbitrio
1288 3059 1371 3123 bona

419 3186 477 3226 sua
501 3164 583 3225 inter
605 3183 725 3247 paucos
747 3185 939 3227 consumere.
986 3166 1129 3247 Sequuta
1150 3173 1197 3226 est
1220 3183 1297 3245 ergo
1318 3163 1370 3223 lex

421 3265 557 3340 Fannia,
573 3286 648 3348 quae
670 3265 701 3328 in
725 3265 907 3350 sumptibus
930 3263 1059 3327 modum
1084 3263 1170 3339 fecit,
1192 3263 1372 3350 scriptaque

420 3380 469 3431 est
493 3368 524 3430 in
544 3389 663 3446 omnes,
684 3381 720 3431 ut
738 3389 800 3430 non
821 3367 923 3430 solum
944 3368 1028 3430 cives
1050 3366 1171 3442 urbani,
1188 3366 1242 3430 sed
1262 3387 1372 3429 omnes

421 3468 543 3554 ubique
566 3468 667 3533 ltaliae
689 3468 758 3554 lege
781 3469 980 3556 sumptuaria
998 3483 1189 3534 tenerentur.
1236 3469 1317 3531 Nam
1339 3466 1371 3530 in

421 3595 459 3633 eo
481 3570 587 3635 Didiae
602 3572 683 3654 legis
703 3575 751 3636 vis
772 3572 925 3636 consistit.
973 3573 1019 3636 At
1039 3571 1106 3635 istis
1126 3573 1251 3658 adjecta
1271 3586 1318 3636 est
1340 3585 1372 3635 et

422 3672 557 3747 Licinia,
572 3695 646 3758 qum
662 3695 794 3737 numero
809 3677 1025 3749 convivarum,
1038 3687 1069 3737 et
1081 3674 1251 3759 quantitati
1263 3696 1373 3759 sump-

422 3788 527 3850 tuum,
542 3787 575 3838 et
590 3775 729 3838 cautioni
746 3775 898 3855 locorum,
909 3776 1030 3840 dierum
1041 3789 1073 3840 et
1089 3791 1279 3862 temporum,
1294 3799 1374 3862 prae-

423 3875 550 3962 scripsit
566 3875 725 3960 regulam:
753 3899 792 3940 ne
808 3878 1003 3962 quotidianis
1019 3878 1127 3943 liceret
1142 3879 1286 3944 exultare
1301 3901 1374 3941 con-

425 3976 528 4052 viviis,
553 3976 621 4042 dies
640 3991 743 4041 certos
765 3978 954 4062 praefiniens,
974 3979 1093 4065 quibus
1118 3981 1305 4065 permissum
1326 3994 1373 4042 est

424 4079 598 4142 convivari.
643 4081 732 4163 Ergo
755 4083 849 4143 etiam
879 4082 1048 4145 sobrietate
1074 4082 1182 4154 seculi,
1209 4080 1375 4166 praescrip-

425 4179 509 4244 tione
525 4178 632 4266 legum
649 4195 812 4245 coercetur
835 4180 976 4266 impensa
991 4203 1161 4246 coenarum.
1210 4178 1373 4263 Siquidem

424 4281 465 4344 ab
487 4283 580 4347 initio
602 4283 699 4365 coepit
728 4282 817 4346 radix
845 4283 982 4346 luxuriis
1008 4283 1174 4368 pullulare.
1222 4277 1317 4341 Unde
1343 4292 1375 4342 et

425 4397 516 4448 vetus
540 4384 674 4448 verbum
699 4399 761 4447 est:
799 4388 901 4467 Leges
927 4385 1019 4449 bonae
1050 4407 1088 4446 ex
1118 4382 1207 4446 malis
1237 4379 1375 4445 moribus
