3550 5467
408 764 477 812 cae.
492 746 583 827 vua]
761 763 1014 809 eourcaamcns.
1304 749 1365 814 tos

406 915 472 980 duo
487 913 667 979 inventioni
684 913 823 978 veritatis
838 913 1013 997 plurimum
1031 913 1251 994 adversantur,
1268 921 1293 983 si
1309 934 1365 985 aut

407 1038 482 1083 vera
496 1017 619 1080 dicenti
639 1015 712 1100 quis
732 1027 925 1088 succenseat,
948 1029 1005 1078 aut
1028 1016 1234 1100 pertinaciter
1256 1022 1287 1083 in
1307 1020 1365 1083 fal-

405 1118 507 1182 sitatis
522 1117 706 1181 defensione
722 1113 855 1179 laboret.
903 1119 986 1179 Nam
1004 1131 1040 1179 ut
1056 1116 1102 1181 ait
1118 1118 1266 1196 Ethicus,

515 1232 634 1303 Impedit
644 1232 817 1295 iraanimum,
829 1248 863 1282 ne
875 1231 957 1302 possit
967 1247 1072 1284 cernere
1083 1250 1181 1285 verum.

407 1348 453 1411 Et
467 1344 589 1408 veritas
610 1343 679 1428 ipsa
700 1342 863 1406 iucamata
883 1341 1012 1406 recessit
1032 1342 1074 1405 ab
1096 1343 1151 1419 eis,
1173 1345 1281 1429 quiin
1301 1351 1364 1414 Co-

408 1448 530 1510 razaim
545 1456 577 1508 et
600 1443 772 1508 Bethsaida
786 1443 913 1527 spiritui
934 1456 1042 1507 sancto
1062 1444 1256 1528 pertinacius
1275 1453 1366 1513 resti-

409 1560 530 1612 terunt.
569 1545 632 1609 Sed
641 1558 674 1609 et
685 1545 709 1608 J
712 1544 820 1608 udaeos
832 1543 1007 1628 pertinacia
1018 1545 1202 1620 excaecavit,
1215 1561 1249 1609 ut
1261 1548 1366 1612 adhuc

407 1647 519 1713 oculos
548 1668 658 1711 eorum
688 1645 794 1709 velum
822 1644 934 1728 templi
966 1657 1081 1720 teneat,
1108 1646 1196 1730 quod
1228 1648 1366 1711 Domino

408 1749 552 1838 patiente
567 1751 696 1814 scissum
710 1759 757 1811 est
773 1769 791 1810 a
806 1768 931 1812 summo
947 1767 1048 1831 usque
1063 1744 1103 1809 ad
1119 1747 1276 1810 deorsum.

408 1940 490 2022 Cap.
507 1942 538 2001 8.
564 1935 658 2004 Quod
676 1937 783 1997 rrirtus
800 1935 900 1996 unica
922 1935 973 1994 viu
993 1942 1039 1996 est
1056 1931 1320 2015 philosophandi,
1335 1949 1367 2002 et
1413 1940 1416 1944 ’

452 2039 556 2102 eundi
584 2038 631 2100 ad
659 2035 918 2099 beatitudinem:
950 2042 982 2097 et
1008 2035 1048 2096 de
1079 2034 1183 2097 tribus
1209 2039 1368 2116 praedibus

452 2139 690 2214 accedentium,
704 2145 736 2199 ct
752 2137 792 2199 dc
812 2135 918 2198 tribus
932 2139 1030 2197 sectis
1039 2139 1313 2217 philosophorum.

455 2258 708 2329 vultusuultus,
719 2255 797 2338 quia
808 2274 869 2316 non
884 2257 906 2288 ‘⁴
916 2274 1025 2316 omnes
1037 2253 1143 2319 omnia
1157 2259 1320 2339 possuut‚“
1332 2273 1364 2322 et

411 2356 543 2443 spiritus
566 2355 618 2419 ubi
647 2354 717 2418 vult
743 2353 854 2437 spirat,
876 2367 909 2417 et
934 2353 1084 2439 frequens
1110 2369 1170 2432 est,
1193 2370 1228 2421 ut
1256 2381 1366 2422 eorum

412 2477 488 2540 quae
507 2474 527 2516 a
545 2451 729 2517 doctoribus
751 2451 970 2535 proferuntur,
987 2450 1202 2517 multitudinis
1224 2457 1265 2520 sit
1286 2457 1366 2522 mul·

412 2555 514 2641 tiplex
544 2550 737 2626 intellectus,
767 2573 807 2613 ex
838 2550 943 2614 verbis
974 2553 1113 2616 Socratis
1141 2568 1174 2617 et
1213 2554 1368 2633 Platonis,

412 2667 507 2719 sectae
531 2651 642 2716 multae
665 2653 900 2736 profluxerunt,
921 2672 1029 2714 omnes
1055 2663 1160 2714 tamen
1186 2653 1225 2717 ad
1255 2677 1365 2730 unum,

413 2754 468 2819 sed
498 2753 591 2840 quasi
620 2773 678 2838 per
707 2753 810 2815 varias
844 2752 973 2814 semitas
1007 2765 1223 2835 properantes.
1279 2755 1367 2821 Illud

413 2868 521 2920 autern
552 2877 619 2940 quo
647 2857 788 2916 omnium
820 2851 1057 2915 rationabilium
1090 2854 1193 2937 vergit
1222 2856 1368 2934 intentio,

414 2980 488 3022 vera
501 2955 670 3021 beatitudo
691 2963 749 3017 est.
795 2957 900 3018 Nemo
919 2953 1035 3017 etenim
1056 2966 1116 3030 est,
1132 2952 1188 3038 qui
1210 2978 1270 3020 non
1293 2958 1370 3024 velit

413 3080 479 3122 esse
495 3055 624 3132 beatus;
647 3053 701 3116 sed
717 3052 758 3116 ad
774 3052 834 3116 hoc
849 3053 937 3137 quod
953 3051 1145 3133 desiderant,
1160 3077 1221 3118 non
1237 3078 1301 3121 uua
1318 3059 1370 3125 via

412 3179 521 3223 omncs
541 3154 706 3220 incedunt.
751 3154 828 3217 Una
850 3167 955 3218 tamen
979 3165 1025 3217 est
1048 3155 1198 3220 omnibus
1224 3158 1275 3220 via
1297 3180 1368 3244 pro-

412 3259 527 3345 posita,
549 3256 603 3321 sed
631 3255 721 3341 qnasi
748 3267 848 3318 strata
875 3255 973 3339 regia,
1000 3254 1156 3320 scinditur
1182 3259 1214 3321 iu
1241 3263 1370 3324 semitas

414 3359 539 3425 multas.
586 3362 667 3424 Hoec
687 3369 795 3421 antem
819 3357 921 3420 virtus
936 3368 996 3420 est.
1042 3360 1124 3420 Nam
1148 3358 1209 3422 nisi
1227 3383 1284 3445 per
1306 3362 1367 3425 vir-

416 3475 529 3537 tutem,
545 3483 639 3524 nemo
658 3459 697 3522 ad
719 3455 951 3524 beatitudinem
974 3458 1086 3543 pergit.
1133 3459 1223 3525 Citra
1241 3463 1370 3529 virtutis

414 3584 511 3646 opera
539 3561 623 3624 forte
652 3561 735 3643 quis,
762 3572 794 3623 et
827 3556 1038 3643 proculdubio
1062 3559 1125 3621 fine
1150 3561 1301 3646 operibus
1327 3565 1369 3629 ad

416 3659 646 3725 beatitudinem
678 3659 829 3734 trahitur,
855 3656 910 3720 sed
940 3679 977 3719 eo
1006 3657 1125 3734 nullus,
1151 3661 1211 3724 nisi
1244 3666 1371 3729 virtutis

415 3762 561 3848 passibus
576 3759 692 3846 pergit.
738 3759 851 3823 Virtus
865 3779 942 3840 ergo
964 3757 1125 3822 felicitatis
1146 3761 1293 3826 meritum
1310 3779 1369 3841 est,

415 3863 549 3928 felicitas
579 3861 709 3924 virtutis
737 3859 916 3945 praemium.
964 3860 1007 3921 Et
1039 3859 1106 3923 baec
1133 3861 1259 3945 quidem
1287 3864 1372 3930 bona

416 3976 490 4028 sunt
520 3984 657 4037 summa,
683 3960 818 4023 alterum
847 3959 918 4033 viae,
945 3956 1079 4020 alterum
1110 3959 1234 4042 patriae.
1281 3965 1371 4030 Nihil

414 4066 496 4129 enim
524 4066 646 4127 virtute
673 4060 889 4147 praestantius,
913 4059 988 4123 dum
1012 4063 1087 4124 exul
1110 4064 1372 4146 peregrinatura

418 4166 566 4241 Domino,
589 4163 667 4227 nihil
688 4162 839 4226 felicitate
858 4161 983 4236 melius,
1004 4160 1081 4223 dum
1105 4162 1185 4226 civis
1208 4177 1319 4245 regnat
1339 4179 1371 4229 et

414 4267 533 4351 gaudet
551 4287 625 4331 cum
644 4264 790 4329 Domino.
831 4264 913 4325 Sunt
929 4274 1036 4324 autem
1054 4262 1124 4324 haec
1139 4262 1287 4324 omnibus
1301 4263 1372 4328 aliis

414 4367 648 4454 praestantiora,
679 4367 754 4449 quia
786 4363 889 4425 virtus
927 4361 1032 4424 omuia
1067 4359 1200 4442 agenda,
1239 4359 1375 4428 felicitas
