3550 5467
295 759 363 802 ΜΡ.
382 744 439 822 ru]
641 760 895 805 nonrcmrrcus.
1208 746 1247 804 la

293 921 403 976 tutem.
449 915 518 977 Eos
541 935 615 994 ergo
637 914 678 977 ad
702 914 833 996 gradum
855 914 1034 990 militarem,
1058 923 1088 976 et
1108 934 1249 989 cursum,

294 1022 326 1073 et
347 1015 465 1076 saltum
487 1015 562 1076 iecit
585 1015 730 1088 excitari,
745 1035 903 1096 usumque
923 1012 1065 1086 natandi,
1088 1023 1119 1076 et
1139 1014 1247 1076 caesim

296 1122 328 1174 et
350 1116 495 1195 punctim
520 1115 664 1188 feriendi,
687 1126 720 1178 et
743 1114 886 1198 jaciendi
910 1115 1053 1191 missilia,
1073 1127 1105 1176 et
1125 1113 1249 1197 lapides

295 1236 394 1277 manu
408 1219 458 1279 rel
475 1217 574 1279 sunda
596 1217 717 1293 docuit,
732 1229 764 1279 et
787 1218 921 1300 qualiter
940 1219 1059 1280 bellum
1081 1237 1176 1278 omne
1195 1222 1250 1276 aut

296 1319 444 1381 sustineri
462 1318 589 1395 debeat,
604 1335 659 1382 aut
676 1321 793 1382 inferri.
841 1320 942 1382 Novit
962 1320 1049 1383 euim
1071 1316 1251 1403 prudentis-

296 1418 394 1481 simus
411 1430 443 1481 et
458 1419 597 1501 diligens
611 1420 793 1502 imperator,
810 1421 886 1503 quia

439 1557 500 1617 Quo
512 1556 595 1608 semel
607 1563 648 1609 est
660 1558 760 1609 imbuta
772 1574 862 1609 reeens
873 1559 985 1612 servabit
996 1559 1101 1611 odorem

440 1641 525 1693 Testa
536 1641 590 1705 diu,

299 1780 333 1832 et
356 1770 445 1854 quod
476 1792 541 1833 non
564 1782 689 1833 tantum
711 1772 859 1849 celerius,
882 1771 940 1835 sed
966 1773 1060 1834 etiam
1084 1770 1254 1854 perfectius

299 1871 499 1947 imbuuntur,
510 1892 582 1953 quae
597 1870 792 1932 discuntura
802 1871 920 1952 pueris.
967 1870 1096 1934 Deinde
1110 1871 1255 1934 militaris

300 1972 457 2046 alacritas
480 1972 591 2049 saltus,
614 1982 648 2032 ct
669 1991 790 2049 cursus,
812 1982 886 2033 ante
909 1971 1125 2054 comparanda
1144 1981 1202 2045 est,
1223 1982 1255 2034 et

301 2070 517 2153 temperanda,
533 2092 628 2153 quam
646 2092 761 2154 corpus
776 2081 869 2135 aetate
884 2073 1053 2155 pigrescat.
1091 2073 1254 2135 Velocitas

301 2173 384 2234 euim
401 2193 473 2255 quae
489 2183 644 2254 percepta
658 2182 689 2234 et
705 2172 828 2235 firmata
843 2184 892 2235 est
907 2173 1076 2250 exercitio,
1090 2184 1253 2236 strenuum

302 2273 401 2335 efficit
415 2274 609 2335 bellatorem.
656 2273 726 2335 Nec
750 2273 884 2335 multum
900 2274 1035 2336 refertsi
1051 2283 1168 2337 caetera
1181 2295 1254 2357 pro·

301 2373 410 2436 bitatia
433 2386 628 2436 concurrant
648 2373 795 2454 iusignia,
816 2374 942 2456 proceri
968 2374 1041 2450 siut,
1063 2395 1102 2436 an
1127 2385 1256 2438 staturae

302 2474 463 2537 brevioris.
509 2476 629 2538 Utilius
650 2484 700 2538 est
714 2476 800 2537 enim
821 2476 936 2538 milites
951 2476 1048 2538 fortes
1062 2497 1143 2553 esse,
1159 2497 1256 2559 quam

301 2574 446 2655 grandes.
492 2577 658 2639 Delectari
681 2598 738 2639 suo
753 2577 852 2639 fertur
865 2577 988 2639 dixisse
1003 2577 1165 2659 Pyrrhus:
1204 2578 1256 2640 Tu

301 2677 437 2757 grandes
453 2678 545 2757 elige,
561 2699 621 2758 ego
642 2698 698 2739 eos
720 2677 818 2739 sortes
838 2675 979 2739 reddam.
1025 2675 1077 2738 Ad
1099 2677 1256 2739 tumulum

303 2778 490 2840 Archemori
514 2778 590 2840 dum
616 2776 712 2840 ludos
735 2778 894 2840 solemnes
917 2776 1044 2838 Graecia
1073 2776 1259 2853 celebraret,

304 2877 450 2961 Tydeum
467 2879 621 2962 Capaneo
636 2879 821 2962 prestitisse
836 2878 1023 2961 percelebre
1038 2888 1097 2955 est,
1113 2877 1188 2961 quia

448 3006 535 3076 Major
546 3006 573 3057 in
585 3008 683 3073 exiguo
694 3007 822 3074 regnabat
832 3023 937 3078 corpore
949 3006 1039 3059 virtus.

308 3124 360 3185 De
390 3125 546 3186 exercitio
576 3125 687 3203 Magni
716 3126 863 3207 Pompeii
898 3136 1053 3188 memorat
1081 3125 1262 3204 Sallustius,

307 3225 484 3307 quodcum
502 3226 662 3288 alacribus
682 3226 773 3302 saltu,
789 3246 862 3288 cum
883 3227 1048 3289 velocibus
1068 3248 1173 3304 cursu,
1189 3248 1261 3290 cum

307 3325 424 3388 validis
462 3337 562 3402 recte,
600 3325 752 3388 certabat.
806 3325 923 3407 Neque
958 3325 1044 3388 enim
1080 3327 1135 3390 ille
1170 3326 1262 3393 aliter

306 3427 466 3509 potuisset
493 3448 550 3509 par
572 3446 642 3488 esse
665 3426 817 3503 Sertori0,
838 3425 899 3487 nisi
922 3444 968 3499 se,
992 3435 1024 3488 et
1046 3427 1163 3490 milites
1184 3449 1261 3492 suos

306 3527 525 3609 frequentibus
554 3527 713 3590 exercitiis
735 3539 944 3610 praeparasset
965 3527 1005 3589 ad
1031 3529 1151 3610 praelia.
1194 3532 1260 3595 Re-

308 3629 457 3705 cedendi,
473 3629 659 3705 assultandi,
674 3628 837 3692 insiliendi
857 3649 908 3691 ars
925 3650 991 3690 non
1012 3629 1183 3694 mediocris
1201 3643 1260 3711 est,

309 3730 403 3813 cujus
417 3729 577 3792 beneficio
598 3729 655 3792 illa
675 3740 816 3793 servatur
838 3729 973 3807 cautela,
987 3739 1023 3793 ut
1042 3729 1134 3794 miles
1149 3732 1191 3795 ad
1210 3734 1259 3795 in·

307 3829 474 3894 ferendum
504 3830 629 3907 vulnus,
651 3831 695 3893 sic
719 3832 863 3914 insurgat
884 3830 916 3892 in
939 3831 1075 3908 hostem,
1098 3843 1134 3894 ut
1155 3832 1259 3896 eidem

308 3949 351 3991 ex
366 3929 475 4010 aliqua
488 3941 576 4010 parte
597 3950 661 3992 non
683 3942 792 4012 pateat
812 3929 852 3993 ad
872 3931 1010 4013 plagam.
1055 3932 1260 3998 Exercitium

308 4029 440 4097 natandi
463 4029 722 4111 percommodum
741 4042 800 4109 est,
816 4052 915 4114 quum
932 4032 965 4095 in
988 4032 1126 4094 terrestri
1147 4034 1258 4114 praelio

307 4132 357 4193 vel
386 4131 503 4208 navali,
526 4129 613 4215 quod
642 4132 693 4194 cui
716 4132 890 4195 necessitas
913 4144 1013 4213 paret,
1035 4131 1157 4193 nemini
1187 4152 1261 4210 per·

307 4232 456 4314 spicuam
472 4232 522 4310 sit,
536 4251 597 4295 nec
612 4243 662 4294 est
676 4243 858 4316 promptum
875 4232 1061 4314 quempiam
1075 4241 1151 4303 arte,
1163 4248 1260 4307 quam

308 4354 373 4394 non
405 4332 528 4408 didicit,
552 4333 743 4414 apericulis
774 4331 933 4416 expediri.
977 4327 1151 4391 Missilium
1181 4346 1261 4407 quo-
