3550 5467
409 736 472 794 2³4
655 744 790 790 rossum
806 742 1092 791 msasasmsusm
1200 729 1283 810 [ma.
1296 749 1358 793 vin.

413 912 626 985 procreantur.
673 897 742 959 Lex
763 917 894 980 quoque
916 896 1069 961 Cornelia
1090 899 1302 984 sumptuaria,
1319 911 1361 963 ert

409 1000 532 1084 adjecta
561 997 735 1084 prioribus:
769 997 801 1060 in
829 1018 895 1082 qua
918 1019 979 1060 noo
1007 1002 1220 1065 convivorum
1248 1002 1359 1086 magni·

411 1101 536 1165 licentia
560 1098 722 1187 prohibita
746 1111 805 1174 cst,
829 1120 886 1161 nec
910 1098 997 1182 guloe
1024 1100 1144 1165 modus
1174 1101 1289 1181 sactus,
1311 1102 1359 1168 red

408 1203 529 1268 minora
558 1203 659 1289 pretia
684 1202 779 1266 rebus
804 1200 961 1286 imposita
1008 1202 1072 1266 Sed
1100 1204 1225 1290 quibus
1250 1205 1358 1270 rebus?

412 1307 513 1383 Quam
540 1303 709 1391 exquisitis
733 1317 764 1367 et
791 1323 871 1388 pene
896 1302 1069 1388 incognitis
1094 1306 1270 1390 generibus
1291 1307 1359 1370 deli·

414 1408 555 1470 tiarum?
592 1407 682 1484 Quos
700 1404 764 1468 illic
778 1406 890 1490 pisces,
909 1428 1057 1491 quasque
1081 1406 1148 1471 illic
1170 1408 1288 1472 ollulas
1311 1432 1360 1472 no·

412 1507 523 1584 minat,
538 1520 569 1571 et
585 1519 690 1571 tamen
706 1506 809 1591 pretia
822 1503 884 1567 illis
899 1504 1022 1569 minora
1035 1506 1217 1571 constituit.
1258 1508 1358 1572 Ausim

416 1608 531 1688 dicere,
551 1622 587 1674 ut
610 1608 717 1674 vilitas
741 1604 884 1670 edulium
911 1606 1032 1672 animos
1058 1607 1229 1673 hominum
1253 1609 1294 1673 ad
1316 1633 1361 1696 pa-

416 1711 530 1776 randas
548 1710 748 1775 obsoniorum
772 1708 878 1792 copias
899 1709 1058 1788 incitaret,
1079 1723 1112 1774 et
1131 1711 1221 1796 gulsa
1243 1713 1361 1790 servire,

414 1816 510 1879 etiam
525 1814 582 1902 qui
601 1815 708 1901 parvis
726 1825 829 1875 essent
851 1811 1075 1890 facultatibus,
1091 1828 1233 1899 possent.
1279 1819 1361 1900 Ergo

413 1915 558 2002 apprime
583 1913 762 1979 luxuriosus
791 1925 822 1976 et
852 1911 1008 1998 prodigus
1038 1913 1143 1978 videri
1173 1929 1293 2001 potest,
1315 1916 1360 1980 cui

415 2017 483 2079 brec
498 2027 587 2080 tanta
601 2016 634 2078 in
650 2014 753 2098 epulis
768 2012 817 2076 vel
834 2014 976 2096 gratuita
991 2029 1163 2099 ponantur.
1212 2017 1364 2081 Praetem

416 2117 538 2180 Lucius
563 2116 661 2202 Sylla,
683 2114 828 2202 Lepidus
850 2114 983 2194 Consul,
1007 2117 1112 2180 Anius
1134 2117 1261 2194 Restio,
1284 2119 1363 2203 leges

414 2218 587 2283 traduntur
598 2217 709 2282 tulisse
723 2217 867 2281 cibarias.
903 2217 953 2281 Sic
963 2215 1044 2281 enim
1058 2220 1277 2304 sumptuarias
1286 2220 1364 2304 leges

415 2321 497 2384 Cato
511 2317 660 2404 appellat.
699 2317 864 2383 Diffcrunt
880 2332 996 2395 tamen,
1013 2319 1100 2403 quod
1116 2320 1247 2385 cibarioe
1261 2322 1363 2406 gulam

408 2421 571 2509 jugulant,
584 2419 792 2506 sumptuariae
803 2419 1020 2499 alcrimodam,
1033 2436 1068 2485 ut
1079 2422 1124 2485 ait
1139 2425 1364 2499 Portunianus,

413 2523 574 2589 luxuriam
605 2522 764 2586 cohibent.
816 2525 888 2586 Hoc
916 2537 1023 2586 autem
1055 2545 1182 2609 magnae
1212 2525 1364 2592 libertatis

416 2626 568 2693 laudibus
585 2624 690 2702 effert,
705 2622 791 2710 quod
813 2646 915 2710 quum
931 2624 1043 2688 multae
1058 2625 1146 2708 leges
1165 2627 1207 2692 de
1221 2630 1322 2694 coenis
1335 2641 1365 2693 et

413 2729 596 2817 sumptibus
610 2729 769 2792 ferrentur
783 2726 824 2790 ad
839 2726 1006 2812 populum,
1021 2728 1268 2814 castigatissime
1283 2731 1364 2796 illius

417 2833 509 2918 vigor
534 2831 591 2896 diu
615 2829 767 2905 obtinuit,
793 2851 867 2913 quae
889 2827 934 2892 nil
958 2829 1131 2895 obscenum
1160 2833 1270 2909 habet,
1293 2835 1365 2921 quia

416 2934 460 2999 nil
481 2935 595 3021 probat
617 2931 789 2997 occultum.
832 2928 990 3015 Praecepit
1013 2932 1098 2996 enim
1123 2948 1161 2998 ut
1186 2936 1365 3021 patentibus

410 3038 520 3123 januis
549 3035 791 3123 pransitaretur,
820 3045 852 3097 et
881 3033 1098 3114 coenitaretur,
1122 3050 1159 3101 ut
1191 3038 1237 3102 sic
1268 3039 1365 3103 oculis

415 3140 530 3205 civium
554 3138 690 3203 testibus
711 3136 815 3210 factis,
838 3135 972 3201 luxuriae
999 3136 1114 3202 modus
1139 3138 1240 3204 tieret.
1295 3145 1364 3207 Hoc

415 3256 522 3307 autem
545 3241 618 3304 ideo
639 3253 710 3305 tuto
731 3238 844 3326 probat
861 3238 1084 3319 Portunianus,
1100 3242 1179 3327 quia
1201 3244 1291 3329 apud
1313 3266 1366 3328 po

415 3341 527 3428 pulum
550 3338 755 3424 castigatum,
777 3350 809 3401 et
840 3337 1022 3423 posterioris
1051 3357 1199 3426 respectu
1229 3346 1364 3420 aurium,

417 3442 503 3509 laudi
526 3455 593 3505 erat
616 3439 795 3524 frugalitas,
818 3453 850 3505 et
872 3453 1044 3526 paupertas
1066 3464 1129 3506 non
1152 3460 1279 3531 poterat
1302 3471 1365 3512 essa

414 3543 611 3628 contemptui
628 3545 677 3606 vel
696 3542 815 3608 rubori.
860 3546 928 3608 Nec
944 3544 1157 3611 verecundum
1180 3562 1249 3614 erat
1271 3568 1306 3616 ut
1324 3550 1363 3614 nd

415 3666 536 3709 coenam
560 3643 693 3706 alienam
721 3645 892 3731 quisquam
918 3644 1072 3710 invitatus
1093 3648 1300 3734 impudenter
1324 3655 1363 3717 ir-

413 3760 529 3812 rueret.
567 3743 777 3830 Supervenire
791 3745 874 3810 enim
889 3745 1008 3810 fabulis
1022 3770 1085 3811 nou
1102 3769 1263 3827 evocatos,
1280 3753 1363 3819 baud

413 3848 561 3936 equidem
590 3859 685 3933 turpe
708 3848 918 3911 existimatur.
966 3849 1080 3913 Verum
1105 3868 1222 3935 sponte
1247 3856 1363 3921 irruere

415 3953 446 4017 in
462 3950 641 4015 convivium
653 3948 723 4012 aliis
733 3962 962 4034 praeparatum,
973 3973 1029 4013 nec
1047 3952 1192 4016 Homero
1202 3955 1270 4019 sine
1282 3970 1363 4035 nota,

415 4056 465 4121 vel
486 4055 516 4119 in
541 4054 638 4116 fratre
662 4064 869 4114 memoratum
897 4067 956 4117 est.
1003 4056 1164 4119 Caeterum
1192 4055 1279 4141 leges
1303 4056 1362 4123 illac

415 4158 595 4244 valvipatae,
622 4177 675 4218 seu
702 4150 899 4237 valvifragae,
927 4153 999 4219 licet
1030 4158 1216 4222 Portuniani
1239 4161 1363 4246 judicio

412 4258 542 4345 optimae
564 4256 696 4330 fuerint,
709 4251 921 4318 obstinatione
943 4267 1046 4318 tamen
1071 4256 1222 4336 luxuriae,
1237 4273 1270 4324 et
1292 4261 1361 4325 riti·

413 4383 504 4424 orum
521 4357 638 4424 invicta
653 4351 830 4430 concordia,
847 4355 936 4419 nullo
955 4355 1129 4438 abrogante
1149 4359 1249 4424 irritae
1271 4364 1359 4426 tacte
