3550 5467
419 745 483 803 842
676 755 813 801 ausurus
826 754 1108 800 saaasuaaransrs
1197 739 1283 814 [ua.
1297 757 1368 803 vin.

421 905 544 972 tumide
566 904 847 990 blasphemantem.
892 907 1030 971 Sanctus
1051 919 1162 970 autem
1183 928 1257 972 cum
1277 930 1371 972 arma-

422 1020 496 1072 tura
515 1029 573 1069 sua
592 1006 774 1082 adveniens,
791 1006 939 1070 velociter
958 1007 1049 1087 abiit,
1064 1021 1097 1072 et
1118 1007 1288 1087 advocans,
1302 1032 1370 1096 qua

421 1121 626 1194 apparuerat,
649 1110 804 1191 Magnum
831 1108 996 1184 Basiliam,
1016 1107 1107 1174 dedit
1128 1112 1159 1174 ai
1182 1110 1300 1175 librum
1321 1111 1370 1175 ha-

421 1211 548 1276 bentem
569 1211 603 1273 iu
617 1209 750 1274 historia
766 1231 894 1274 omnem
916 1210 1027 1274 muudi
1044 1210 1218 1288 lucturam,
1234 1211 1370 1277 dextror-

422 1333 491 1375 sum
508 1334 584 1375 vero
599 1313 756 1375 hominem
778 1335 798 1375 a
820 1316 890 1377 Deo
910 1311 1113 1397 plasmatum.
1163 1314 1204 1378 In
1219 1315 1369 1400 principio

422 1428 530 1478 autem
546 1414 621 1478 libri
636 1414 862 1500 superscriptio
881 1428 961 1492 erat,
977 1413 1047 1478 Dic.
1096 1415 1136 1478 la
1154 1415 1231 1493 fine,
1251 1415 1369 1479 homine

418 1516 486 1602 jam
503 1516 670 1602 plasmato,
687 1517 795 1580 Parce.
841 1516 1022 1600 Suscipiens
1040 1516 1151 1602 itaque
1165 1516 1285 1582 librum
1300 1517 1369 1602 legit

422 1618 463 1681 ab
477 1618 569 1682 initio
586 1617 742 1701 usquead
759 1619 866 1680 Parce.
912 1617 1052 1680 Similem
1071 1641 1202 1704 quoque
1224 1620 1368 1684 visionem

423 1718 504 1782 vidit
527 1717 637 1782 eadem
667 1729 758 1781 nocte
783 1730 924 1800 quaestor
954 1716 1078 1781 «Iuliani
1108 1720 1142 1781 in
1173 1720 1370 1806 expeditione

422 1820 590 1885 Libanius.
649 1819 789 1884 Rediens
820 1818 957 1883 Basilius
981 1819 1022 1883 ad
1051 1821 1245 1907 martyrium
1276 1822 1370 1888 sancti

421 1923 576 1987 Mercurii
600 1936 691 1986 nocte
711 1922 791 2007 ipsa,
811 1920 964 1985 Mercurii
987 1943 1075 1985 arma
1089 1942 1157 1986 aon
1173 1925 1302 2010 reperit,
1319 1924 1367 1989 sed

421 2022 473 2086 die
496 2022 640 2109 sequenti
663 2024 785 2087 iurauit
801 2022 923 2097 eadem,
946 2035 978 2086 et
1000 2025 1141 2087 lanceam
1162 2028 1369 2090 recentiam

419 2122 516 2208 guine
531 2135 739 2189 cruentatam.
784 2125 919 2189 Orosius
940 2137 1043 2187 tamen
1059 2124 1100 2188 de
1116 2127 1278 2191 Mercurio
1292 2148 1369 2190 mar·

420 2238 490 2310 tyre
505 2248 566 2289 non
582 2227 658 2290 facit
672 2228 875 2305 mentionem,
892 2228 988 2293 sedin
1001 2229 1202 2314 expeditione
1218 2231 1369 2311 Parthica,

419 2339 590 2411 tyrannum
613 2331 709 2392 refert
730 2329 817 2395 obvii
840 2330 952 2394 militis
972 2330 1037 2397 telo
1066 2355 1133 2396 esse
1159 2347 1367 2421 peremptum.

419 2429 598 2517 Eutropius
611 2451 753 2516 quoque,
769 2432 824 2518 qui
841 2436 1016 2498 Romanam
1032 2430 1170 2519 eleganti
1186 2434 1368 2522 compendio

421 2532 570 2598 describit
584 2534 759 2614 historiam,
775 2550 975 2620 peremptum
995 2532 1115 2600 latetur
1129 2537 1165 2600 in
1182 2539 1304 2615 castris,
1318 2535 1368 2600 sed

423 2635 547 2700 nullum
557 2635 991 2724 exprimitcoedisauctorem:
1008 2638 1258 2724 persecutionem
1268 2651 1369 2704 tamen

422 2760 531 2824 quam,
552 2740 663 2803 eodem
686 2751 827 2815 auctore,
847 2738 880 2801 in
904 2736 1103 2804 Christianos
1122 2763 1221 2829 supra
1240 2741 1368 2806 modum

421 2840 576 2917 exercuit,
591 2843 620 2905 ei
642 2852 766 2905 constat
789 2839 961 2925 plurimum
978 2841 1132 2907 nocuisse.
1183 2849 1226 2909 At
1241 2840 1369 2909 historia

420 2945 580 3032 tripartita
602 2944 790 3029 diligentius
811 2943 1016 3030 persequitur
1036 2945 1160 3032 flagitia
1181 2947 1310 3025 Juliani,
1335 2961 1366 3012 et

419 3059 542 3133 quanta
570 3044 767 3108 immanitate
797 3057 982 3130 persecutus
1004 3045 1044 3111 sit
1068 3046 1249 3124 Christum,
1275 3070 1364 3135 quem

420 3149 591 3214 Galilaeum
615 3147 810 3224 nominabat,
833 3159 902 3211 toto
930 3161 1021 3212 sexto
1041 3148 1205 3214 volumina
1228 3171 1368 3237 compre·

417 3251 539 3317 hendit.
584 3253 637 3315 Ex
660 3250 779 3335 quibus
794 3249 834 3313 ad
850 3248 979 3314 laudem
1000 3250 1128 3316 Galilaei
1148 3252 1304 3317 nonnulla
1322 3253 1368 3317 in·

417 3355 513 3432 serui,
525 3350 950 3440 compendiosedecerptaab
961 3351 1021 3427 his,
1033 3373 1106 3438 quae
1116 3352 1158 3416 de
1169 3376 1207 3417 eo
1215 3354 1367 3431 Socrates,

419 3457 658 3533 Theodoretus,
673 3468 704 3520 et
723 3457 926 3531 Soaomenus,
949 3466 1030 3519 teste
1052 3455 1256 3538 cassiodoro,
1274 3457 1368 3522 tradi·

415 3554 542 3621 derunt.
587 3557 738 3621 Julianus
762 3579 839 3641 ergo
861 3568 894 3619 et
919 3555 1006 3640 regio
1028 3557 1184 3642 sanguine
1205 3558 1368 3639 oriundus,

414 3667 496 3718 etex
508 3659 696 3721 Constantio
708 3679 808 3744 nepos
820 3657 1020 3724 Constantini
1036 3658 1162 3744 Magni,
1173 3662 1232 3745 qui
1245 3665 1367 3747 Byzan·

414 3756 496 3821 tium
519 3778 538 3818 a
559 3776 618 3818 suo
640 3759 766 3821 nomine
790 3759 1098 3846 Constantinopolim
1121 3762 1306 3847 appellarit,
1325 3762 1366 3827 ab

414 3857 506 3923 initio
535 3856 644 3921 extitit
671 3857 887 3941 Christianus,
911 3882 1118 3948 crescensque
1147 3863 1180 3926 in
1204 3865 1368 3931 auditoriis

416 3956 776 4041 Constantinopolitanae
798 3961 902 4038 urbis,
931 3961 1140 4027 exercebatur
1164 3963 1197 4026 in
1224 3963 1366 4040 basilica,

413 4062 469 4125 ubi
485 4061 629 4125 doctores
643 4072 744 4135 erant,
756 4059 870 4126 habitu
887 4060 1014 4147 privato
1027 4060 1213 4147 procedens.
1258 4063 1368 4130 Preda-

411 4189 531 4251 gogum
555 4162 693 4229 habebat
716 4165 844 4228 nomine
872 4164 1087 4241 Marconium,
1111 4165 1364 4232 Grammatioum

409 4265 575 4329 Nidoclem
606 4261 841 4329 Laconiensem.
888 4264 1094 4329 Rhetoricam
1128 4287 1204 4330 vero
1234 4267 1360 4355 legebat

405 4365 495 4450 apud
525 4365 699 4431 Eubulium
732 4366 926 4452 Sophistam‚
945 4366 1012 4451 jam
1028 4388 1126 4453 opera
1141 4384 1172 4433 et
1194 4368 1362 4456 diligentia
