3550 5467
406 742 478 786 car.
494 723 596 802 xvir]
775 742 1030 788 eom'onarrcos.
1300 727 1364 790 als

408 894 490 956 Furi
507 914 584 956 vero
604 915 666 955 uon
687 891 782 956 debet
805 893 945 970 ecclesia,
961 893 1021 957 nisi
1038 913 1174 978 poenam.
1221 893 1254 956 Si
1269 894 1361 962 sciret

407 992 649 1081 paterfamilias,
664 1016 728 1080 qua
750 997 828 1058 hora
848 994 903 1057 fur
923 997 1054 1072 veniret,
1070 992 1219 1078 vigilaret
1237 995 1363 1082 utique,

405 1111 437 1161 et
454 1119 517 1160 non
534 1099 650 1160 sineret
667 1096 791 1181 perfodi
807 1096 938 1160 domurn
956 1121 1055 1161 suam.
1094 1101 1210 1160 Vocem
1227 1097 1363 1183 pastoris

406 1198 546 1262 audiunt
568 1220 655 1274 oves,
678 1211 709 1262 et
733 1215 920 1284 sequuntur.
968 1200 1084 1263 Vocem
1107 1199 1291 1264 mercenarii
1314 1199 1362 1263 in·

407 1299 537 1364 terdum
553 1298 706 1363 audiunt:
729 1300 783 1363 sed
805 1322 890 1374 eum,
907 1300 983 1385 quia
1006 1322 1066 1362 non
1087 1299 1173 1364 vadit
1195 1300 1362 1379 advitam,

406 1402 497 1485 sequi
515 1414 734 1465 contemnunt.
770 1402 885 1464 Vocem
902 1401 982 1465 furis
991 1415 1210 1486 aspernantur,
1221 1402 1363 1483 horrent,

407 1517 438 1567 et
451 1501 596 1587 fugiunt,
608 1502 685 1588 quia
696 1502 728 1565 in
739 1525 834 1567 mauu
845 1504 914 1587 ejus
930 1501 1051 1581 vident,
1061 1514 1093 1565 et
1109 1501 1140 1566 in
1156 1524 1210 1564 ore
1225 1502 1362 1567 audiunt

407 1624 506 1688 opera
527 1607 646 1667 mortis.
694 1603 858 1689 Siquidem
879 1626 941 1667 non
965 1602 1061 1666 modo
1077 1602 1129 1667 fur
1150 1615 1198 1666 est
1218 1615 1249 1668 et
1268 1604 1361 1679 latro,

407 1703 462 1768 sed
486 1704 584 1787 lupus
606 1725 716 1788 rapax,
739 1703 914 1788 sequipeda
938 1702 1044 1777 leonis,
1067 1706 1123 1789 qui
1149 1703 1277 1786 rugiens
1303 1704 1362 1768 cir·

406 1804 519 1880 cumit,
534 1825 683 1887 quaerens
706 1826 799 1889 quern
817 1804 958 1867 devoret.
1004 1805 1085 1880 Quis
1099 1825 1176 1887 ergo
1191 1803 1281 1866 illum
1298 1825 1360 1866 non

408 1905 555 1990 repellat,
568 1917 622 1968 aut
634 1904 743 1968 saltem
760 1905 876 1988 fugiat,
886 1909 944 1990 qui
956 1905 996 1968 ad
1008 1907 1066 1968 hoc
1075 1903 1157 1968 ovile
1172 1903 1361 1989 ingreditur,

407 2023 443 2071 ut
460 2019 590 2084 mactet,
601 2020 632 2070 et
648 2005 792 2070 occidat?
818 2007 850 2069 Si
867 2010 951 2092 quis,
964 2007 1137 2092 Apostolus
1152 2007 1268 2091 inquit,
1280 2010 1361 2092 epis-

407 2121 556 2194 copatum
572 2106 742 2186 desiderat,
754 2111 872 2171 bonum
886 2132 969 2194 opus
979 2109 1148 2174 desiderat.
1184 2108 1245 2173 Sed
1256 2109 1361 2174 nescio

406 2233 472 2295 quo
487 2224 584 2295 pacto
596 2232 644 2272 res
655 2209 686 2272 in
702 2209 895 2274 contrarium
912 2233 1002 2274 versa
1013 2224 1072 2288 est,
1087 2226 1121 2275 ut
1138 2234 1239 2298 quum
1252 2234 1361 2276 omnes

405 2313 471 2375 fere
486 2312 667 2376 desiderent
676 2312 862 2397 episcopari,
873 2335 973 2397 quum
986 2314 1073 2399 quod
1084 2328 1240 2401 appetunt
1252 2313 1361 2400 adepti

405 2414 538 2491 fuerint,
553 2418 622 2478 ocio
644 2427 803 2478 marcent:
827 2430 896 2491 aut,
919 2415 1006 2500 quod
1028 2416 1154 2500 turpius
1174 2430 1231 2491 est,
1255 2417 1286 2478 in
1309 2438 1362 2479 va-

407 2517 517 2582 nitatis
531 2516 684 2601 operibus
700 2530 905 2600 occupantur.
953 2518 1080 2592 Quanta
1099 2529 1248 2580 curratur
1263 2516 1362 2578 ambi-

406 2618 502 2696 tione,
529 2617 616 2680 voiui
643 2616 770 2702 quidem
798 2617 955 2702 superisa,
978 2616 1032 2679 sed
1060 2628 1097 2679 ut
1124 2638 1155 2678 se
1180 2639 1229 2679 res
1255 2615 1362 2696 habet,

403 2718 498 2802 plene
508 2740 570 2781 nou
583 2715 674 2802 potui
686 2716 872 2801 explanare:
897 2730 929 2779 et
941 2715 1084 2799 profecto
1096 2738 1191 2801 quam
1208 2714 1363 2778 inutiliter

406 2819 499 2884 inuiti
526 2829 691 2882 versentur
715 2819 746 2881 in
776 2817 880 2902 gradu
908 2831 1030 2902 optato,
1056 2817 1173 2879 referre
1203 2815 1363 2882 difficilius

406 2934 530 3005 potero.
577 2921 687 2984 Unum
716 2933 821 2984 tamen
848 2924 922 2999 scio,
949 2920 1026 3003 quia
1053 2941 1114 2981 non
1144 2941 1181 2980 ea
1210 2918 1362 2982 aviditate

407 3035 553 3098 currunt,
580 3035 616 3085 ut
647 3044 706 3106 pro
735 3022 805 3086 aliis
834 3022 954 3085 animas
984 3034 1113 3107 ponant,
1137 3021 1194 3105 qui
1224 3020 1363 3085 fortunae

407 3120 607 3200 munuscula,
634 3121 697 3198 val,
727 3122 815 3207 quod
847 3123 964 3187 rectius
990 3122 1136 3198 dixerim,
1162 3123 1275 3205 gratiae
1300 3121 1361 3186 Dei

406 3223 594 3308 temporalia
615 3222 710 3297 dona,
734 3223 766 3287 in
791 3223 875 3286 hunc
899 3237 1003 3288 tamen
1028 3245 1174 3286 concessa
1201 3244 1303 3301 usum,
1327 3234 1363 3286 ut

407 3338 787 3410 promereanturaeterna,
800 3337 944 3390 recusant
960 3326 992 3388 in
1011 3324 1194 3388 necessitate
1208 3324 1362 3387 iratribus

407 3449 547 3510 erogare.
593 3429 688 3490 Hanc
711 3441 815 3491 tamen
836 3450 905 3490 esse
927 3425 1094 3512 pastoralis
1109 3425 1201 3489 officii
1217 3426 1363 3506 sormam,

409 3528 665 3613 praemonstravit
687 3543 751 3593 tarn
775 3529 932 3612 exemplo,
956 3552 1053 3614 quam
1076 3528 1173 3594 verbo
1200 3542 1362 3615 pastorum

406 3631 564 3715 princeps.
611 3632 701 3715 Ergo
725 3644 813 3697 tanto
835 3645 998 3695 currentes
1020 3632 1155 3706 ambitu,
1181 3630 1363 3696 mercenarii

408 3747 589 3817 properant,
609 3746 665 3797 aut
690 3734 776 3796 sures
798 3734 877 3797 tieri.
924 3733 1011 3798 Bene
1034 3748 1138 3798 tamen
1161 3735 1269 3820 agitur
1289 3755 1362 3798 cum

406 3833 535 3912 ovibus,
550 3856 624 3919 quae
641 3833 725 3899 iilius
740 3836 895 3900 custodire
910 3835 1155 3914 demandantur,
1171 3837 1224 3922 qui
1246 3858 1298 3898 eas
1314 3833 1363 3897 vel

409 3933 448 3996 ad
477 3935 617 4019 pretium
649 3950 768 4020 pascat.
816 3937 898 4001 Nam
928 3950 959 4002 et
989 3938 1020 4000 in
1053 3938 1128 4022 ipsis
1155 3934 1364 4011 mercenariis,
1437 3994 1439 3998 a

406 4035 525 4117 gradus
547 4049 580 4098 et
602 4035 789 4101 differentia
813 4051 898 4102 sunt.
944 4038 1072 4100 Laxant
1099 4036 1230 4120 quidem
1255 4054 1364 4095 omnes

407 4151 488 4200 reta
505 4136 536 4199 in
552 4154 732 4221 capturam:
767 4138 821 4201 sed
845 4138 877 4200 hi
902 4137 932 4198 in
958 4150 1122 4221 capturam
1139 4134 1314 4197 animarum
1331 4146 1363 4195 et

410 4256 527 4314 rerum,
542 4234 588 4298 illi
605 4259 653 4299 res
669 4239 831 4320 piscantur
846 4234 1015 4313 duntaxat,
1024 4245 1206 4315 contempto
1222 4230 1364 4313 periculo

406 4336 593 4408 animarum.
640 4338 683 4402 Et
701 4360 784 4422 saepe
801 4335 933 4400 turbant
952 4334 1067 4408 omnia,
1084 4356 1150 4417 quo
1166 4330 1306 4416 piscandi
1323 4332 1364 4399 ad
