3550 5467
402 744 467 801 222
661 751 797 795 Jorsrus
813 749 1095 795 sinssuurunusrs
1190 731 1273 811 [ms.
1290 751 1353 798 viu.

404 930 473 972 sare
499 904 664 990 aliquanto
693 902 818 966 facilius
847 914 906 976 est,
933 923 1026 986 quam
1054 900 1169 970 vitare.
1219 904 1299 967 Nam
1325 920 1352 969 et

406 1008 552 1071 volumen
579 1005 668 1090 quod
698 1004 860 1090 Propheta
886 1027 996 1067 rorare
1023 1003 1228 1090 praecipitur,
1251 1006 1283 1069 in
1307 1029 1354 1071 ore

404 1110 533 1197 quidem
549 1107 701 1172 dulcescit
718 1121 756 1170 ut
767 1106 839 1180 mel,
857 1105 912 1169 sed
927 1110 1121 1170 amaricatur
1138 1120 1251 1171 venter
1265 1131 1353 1194 quun

404 1213 474 1300 ipsa
486 1209 623 1275 dulcedo
636 1209 806 1272 verborum
822 1207 996 1292 digerenda
1006 1223 1054 1273 est
1068 1208 1100 1272 in
1114 1230 1211 1272 usum
1224 1231 1354 1294 operum

406 1315 466 1377 Est
482 1326 589 1376 autern
604 1310 705 1374 libido
720 1323 856 1394 cognata
872 1323 904 1372 et
920 1310 1093 1395 conjuncta
1109 1308 1265 1389 luxuria»,
1274 1312 1356 1396 cujus

406 1414 535 1500 sequela
560 1411 773 1492 immunditia,
799 1412 872 1476 finis
901 1410 1105 1475 indubitatus
1135 1412 1282 1477 conlusio
1307 1428 1356 1479 est

407 1515 571 1582 Praecedat
593 1534 671 1597 ergo
693 1535 846 1587 sermone,
867 1533 941 1598 quae
963 1512 1086 1596 origine
1108 1531 1143 1577 et
1165 1538 1264 1578 causa
1284 1517 1358 1600 prior

409 1633 468 1683 est.
514 1617 603 1683 Licet
618 1632 725 1680 autem
742 1638 799 1700 per
823 1615 969 1700 quinque
984 1637 1136 1678 sensuum
1161 1630 1272 1702 portas
1286 1617 1358 1681 leno-

410 1720 494 1784 ciuia
509 1718 605 1782 luxus
619 1739 712 1801 arque
726 1717 895 1788 introeant,
914 1714 1062 1800 voluptas
1077 1716 1207 1779 aurium
1223 1716 1265 1780 ad
1280 1741 1360 1782 mun·

411 1823 526 1887 diciam
543 1820 643 1906 magis
659 1818 785 1884 ridetur
808 1818 967 1894 accedere,
982 1831 1014 1881 et
1029 1841 1105 1902 quae
1128 1841 1170 1882 ex
1194 1834 1305 1904 gustu,
1317 1821 1361 1884 rel

413 1939 501 1990 tactu
525 1922 680 2010 provenit,
698 1919 855 1984 sordidior
877 1932 936 1999 est,
951 1934 983 1984 et
997 1919 1171 1984 olfaciendi
1192 1936 1226 1986 et
1242 1923 1362 1988 videndi

411 2025 581 2091 delectatio
607 2021 748 2086 medium
777 2022 880 2086 locum
908 2034 1004 2086 tenet.
1051 2023 1136 2086 Nam
1165 2027 1363 2110 nequeatis

412 2126 575 2191 interdum
600 2125 697 2189 habet
723 2124 905 2203 munditiae,
928 2147 985 2187 nec
1011 2123 1052 2187 ad
1079 2124 1192 2189 sordes
1218 2131 1363 2212 pernicio·

414 2229 551 2292 sissimas
566 2248 670 2312 usque
685 2226 877 2312 prolabitur.
924 2227 1090 2312 Siquidem
1107 2250 1212 2292 mores
1228 2253 1285 2316 per
1297 2253 1366 2295 ocu·

415 2332 517 2395 lorum
536 2331 689 2394 fenestras
700 2329 891 2413 ingreditur,
903 2353 1004 2418 quum
1019 2331 1182 2417 quispiam
1198 2332 1365 2398 delectatur

412 2429 614 2507 circensibus,
629 2431 800 2494 certamine
815 2432 1019 2510 athletarum,
1033 2431 1228 2500 histrionum
1251 2433 1366 2498 mobili·

416 2549 492 2610 tate,
505 2534 670 2599 mulierum
684 2532 804 2608 formis,
817 2533 985 2619 splendore
998 2557 1214 2617 gemmarum,
1226 2538 1365 2614 vestium,

416 2637 629 2715 metallorum,
643 2632 842 2721 aliorumque
864 2636 983 2720 quibus
1000 2636 1132 2702 libertas
1146 2640 1262 2704 animae
1276 2641 1368 2726 capti·

417 2757 521 2806 vatur.
567 2741 694 2802 Rursus
718 2737 744 2801 si
774 2738 906 2802 auditus
931 2739 1017 2802 vario
1042 2763 1239 2825 organorum
1267 2757 1368 2819 cantu,

418 2839 1035 2927 vocumqueflexionibusmulceaturad
1045 2845 1370 2930 carminapoetarum,

419 2943 655 3009 Comoediarum
673 2955 704 3004 et
721 2938 966 3026 Tragoediarum
983 2957 1084 3020 actus,
1096 2946 1267 3010 mimorum
1283 2946 1369 3011 urba·

418 3045 547 3121 nitates,
559 3057 590 3106 et
606 3042 762 3128 strophas,
774 3054 805 3105 et
820 3041 977 3126 quicquid
991 3043 1177 3128 hujusmodi
1193 3069 1251 3131 per
1266 3069 1369 3111 aurem

420 3147 548 3224 incedit,
564 3142 746 3209 virilitatem
764 3144 877 3208 mentis
899 3142 1081 3213 effoemiuat.
1127 3149 1247 3212 Odoris
1268 3163 1369 3213 autem

421 3251 574 3325 suavitas,
586 3261 618 3313 et
634 3248 759 3311 diversa
775 3246 994 3329 thymiamata,
1009 3263 1041 3314 et
1056 3272 1232 3329 amomum,
1246 3265 1279 3316 et
1293 3273 1371 3316 mus·

420 3375 488 3430 cus,
497 3349 658 3436 peregrini
674 3348 774 3412 muris
787 3348 946 3434 pellicula,
956 3351 1043 3435 quod
1056 3351 1222 3418 dissolutis
1233 3354 1372 3417 moribus

421 3454 551 3527 faciant,
568 3471 660 3513 nemo
674 3449 734 3512 nisi
750 3448 926 3514 dissolutus
940 3465 1046 3535 negat.
1092 3457 1177 3517 Nam
1193 3455 1373 3540 peregrinos

420 3554 534 3617 odores
556 3572 617 3613 non
641 3551 701 3614 uisi
729 3552 892 3616 dissolutis
917 3566 949 3616 et
974 3555 1173 3620 amatoribus
1197 3557 1372 3630 convenire,

422 3651 560 3716 comicus
575 3664 607 3713 et
624 3653 757 3734 Coquus
780 3651 905 3717 docent.
951 3653 1054 3717 Porro
1075 3656 1219 3721 ciborum
1243 3657 1374 3722 avidius

421 3750 563 3816 araritiae
577 3760 678 3813 mater
693 3729 752 3829 ebt,
767 3763 799 3815 et
814 3753 953 3819 animum
977 3755 1067 3839 quasi
1083 3756 1279 3840 quibusdam
1295 3779 1374 3822 com·

422 3852 559 3939 pedibus
584 3849 795 3933 degravatum
824 3867 910 3918 tenet
932 3854 963 3918 in
992 3868 1084 3919 terra.
1130 3857 1223 3943 Ergo
1248 3872 1374 3945 propter

423 3957 549 4021 brevem
573 3953 660 4038 gulae
676 3954 883 4040 voluptatem,
899 3971 992 4020 terrae
1007 3956 1197 4037 lustrantur,
1212 3975 1246 4026 et
1268 3961 1372 4038 muria,

424 4072 456 4124 et
485 4072 522 4123 ut
554 4056 705 4135 mulsum,
734 4057 856 4132 vinum,
888 4062 1112 4146 preciosusque
1152 4064 1245 4128 cibus
1273 4065 1374 4128 fauces

424 4174 632 4248 pertransent,
648 4160 747 4223 totius
767 4159 842 4224 vitae
863 4182 959 4246 opere
980 4161 1166 4229 desudatur.
1213 4166 1279 4251 Ipsi
1301 4189 1375 4254 quo·

425 4288 490 4349 que
503 4263 587 4328 muri
606 4259 816 4336 Hierusalem,
829 4263 888 4326 etsi
902 4263 1072 4328 videantur
1085 4264 1116 4328 in
1133 4280 1226 4351 petra
1241 4271 1374 4349 solidati,

427 4366 554 4430 tandem
581 4376 678 4430 ruunt
705 4376 736 4426 et
759 4367 1001 4449 complanantur
1022 4368 1141 4452 requeti
1164 4371 1244 4448 solo,
1267 4375 1374 4440 Nabu-
