3550 5467
535 698 577 755 20
793 710 932 761 rossum
947 711 1224 755 sannsnnurnusrs
1342 692 1427 773 [mn.
1443 714 1489 758 vr.

536 862 706 948 pugnandi
727 863 759 926 in
782 863 929 927 exercitu
951 865 1165 943 remansisset,
1188 865 1271 930 Cato
1294 864 1337 930 ad
1359 867 1489 952 Pompi-

536 967 615 1030 lium
638 967 776 1050 scripsit,
797 978 833 1030 ut
855 968 881 1029 si
907 979 1067 1050 pateretur
1089 968 1122 1030 in
1149 968 1293 1031 exercitu
1316 990 1490 1048 remanere,

537 1089 610 1130 eum
626 1065 767 1130 secundo
783 1069 906 1149 obliget
920 1077 1129 1141 sacramento,
1146 1069 1221 1152 quia
1241 1069 1344 1151 priore
1360 1070 1489 1146 amisso,

532 1166 604 1251 jure
620 1189 694 1230 cnm
708 1168 853 1230 hostibus
872 1188 1017 1249 pugnare
1032 1188 1097 1229 non
1113 1178 1248 1250 poterat.
1293 1169 1342 1231 M.
1359 1169 1489 1252 quidem

538 1268 673 1333 Catonis
688 1269 774 1331 senis
790 1268 929 1350 epistola
944 1277 991 1330 est
1007 1268 1047 1330 ad
1063 1269 1110 1330 M.
1124 1269 1238 1345 filium,
1248 1269 1282 1331 in
1299 1290 1365 1352 qua
1379 1269 1490 1333 scribit

537 1392 572 1434 se
582 1370 800 1446 audisse,eum
811 1372 930 1434 sactum
943 1370 1105 1432 dimissum
1117 1392 1215 1434 esses
1227 1371 1380 1448 Consule,
1391 1392 1488 1456 quum

537 1475 571 1537 in
587 1473 781 1538 Macedonia
792 1475 878 1537 bello
891 1474 1021 1536 Persico
1033 1475 1124 1536 miles
1136 1485 1229 1537 esset.
1268 1475 1384 1536 illonet
1394 1473 1489 1555 igitur

539 1588 574 1638 ut
595 1585 716 1654 careat,
737 1597 777 1638 nc
800 1575 944 1659 praelium
968 1575 1075 1651 ineat;
1105 1587 1201 1657 negat
1223 1575 1309 1637 enim
1331 1574 1386 1658 jus
1409 1595 1489 1648 esse,

539 1701 611 1742 cum
627 1679 719 1742 hoste
734 1700 887 1761 pugnare,
900 1679 955 1762 qui
971 1679 1062 1741 miles
1077 1699 1141 1739 non
1159 1679 1208 1740 sit.
1247 1679 1337 1740 Ecce
1353 1677 1430 1762 quia
1445 1678 1490 1739 vir

539 1780 790 1863 sapientissimus
813 1779 944 1841 militem
968 1798 1034 1840 non
1061 1776 1225 1856 credebat,
1246 1778 1307 1841 nisi
1334 1798 1406 1841 eum
1435 1778 1487 1862 qui

539 1890 737 1943 sacramento
753 1878 794 1941 ad
809 1879 955 1942 militiam
972 1889 1186 1942 consecratur.

540 2056 621 2137 Cap.
638 2058 667 2116 8.
693 2053 866 2115 Armatam
880 2053 1036 2116 militiam
1050 2054 1098 2115 ad
1116 2053 1307 2134 religionem
1321 2075 1363 2117 ea
1385 2073 1489 2118 neces·

581 2158 679 2219 ritate
694 2157 806 2232 terreri,
820 2156 904 2216 siem
920 2154 1016 2217 illam
1039 2175 1107 2236 qua
1131 2157 1166 2216 ia
1188 2156 1273 2218 clero
1295 2157 1416 2221 divinis
1437 2157 1489 2219 ob·

581 2260 700 2340 sequiis
719 2265 942 2319 consecratur:
970 2265 1003 2318 et
1024 2259 1110 2338 quod
1128 2258 1222 2320 miles
1243 2261 1328 2322 sicut
1348 2260 1489 2335 deamo,

582 2360 630 2420 ita
645 2368 677 2421 et
692 2359 813 2420 loboris
828 2379 944 2421 nomen
959 2368 1015 2423 est.

584 2509 653 2572 San
678 2506 779 2591 ipsius
804 2506 978 2590 juramenti
1006 2508 1102 2569 verba
1127 2507 1263 2582 revolve,
1289 2517 1321 2570 et
1346 2505 1491 2568 invenies

540 2624 691 2674 armatam
714 2609 858 2670 militiam
881 2629 947 2670 non
971 2608 1088 2685 minus,
1103 2629 1199 2692 quam
1222 2608 1431 2690 spiritualem,
1448 2627 1490 2670 ex

538 2711 729 2775 necessitate
742 2711 840 2773 officii
851 2710 892 2772 ad
906 2711 1102 2791 religionem,
1114 2723 1147 2773 et
1158 2711 1222 2772 Dei
1234 2711 1355 2773 cultum
1367 2711 1492 2788 arctari,
1548 2715 1552 2725 ’

540 2836 639 2898 quum
657 2812 795 2877 fideliter
814 2823 846 2875 et
868 2812 1045 2875 secundum
1063 2815 1169 2876 Deum
1185 2812 1322 2896 principi
1337 2811 1492 2876 debeatur

540 2915 740 2998 obsequium,
756 2925 788 2976 et
802 2915 990 2995 reipublicae
1012 2914 1147 2996 pervigil
1172 2915 1350 2977 famulatus.
1396 2913 1494 2978 Unda

540 3016 627 3101 quod
652 3015 798 3098 praedixi,
822 3016 878 3099 qui
903 3037 964 3079 nec
991 3016 1087 3078 electi
1113 3026 1198 3092 sunt,
1220 3036 1280 3078 nec
1301 3016 1410 3098 jurati,
1433 3017 1492 3080 etsi

538 3121 675 3182 militum
702 3117 831 3180 nomine
858 3128 1060 3191 censeantur,
1083 3138 1147 3179 non
1175 3117 1278 3198 magis
1303 3118 1491 3181 inveritate

538 3220 656 3282 milites
681 3229 768 3293 sunt,
794 3238 890 3298 quam
918 3217 1100 3279 sacerdotes
1127 3229 1159 3278 et
1189 3217 1308 3293 clerici,
1335 3238 1418 3300 quos
1448 3216 1490 3280 ad

538 3321 667 3382 ordines
688 3319 827 3381 ecclesia
849 3339 916 3379 non
940 3319 1074 3380 vocavit.
1120 3318 1220 3380 Miles
1245 3340 1384 3402 namque
1407 3320 1492 3382 sicut

538 3419 669 3492 laboris,
685 3419 729 3480 ita
751 3431 783 3480 et
804 3418 935 3480 honoris
958 3440 1074 3480 nornen
1098 3431 1155 3482 est.
1201 3421 1307 3483 Nemo
1330 3440 1405 3483 sero
1428 3417 1491 3481 sibi

539 3521 691 3583 honorem
709 3519 815 3597 sumit,
830 3519 886 3582 sed
903 3520 958 3601 qui
975 3532 1105 3584 vocatur
1119 3543 1137 3584 a
1152 3521 1304 3599 Domino,
1317 3519 1358 3582 de
1374 3521 1492 3584 collato

539 3623 661 3685 honore
687 3621 846 3704 gloriatur.
893 3621 1028 3705 Moyses
1054 3633 1086 3686 ct
1114 3623 1219 3686 fidelis
1244 3621 1356 3707 populi
1381 3620 1493 3699 duces,

536 3708 638 3807 ipuum
665 3725 773 3786 hostes
795 3735 979 3808 oportuerat
1007 3727 1200 3810 impugnari,
1223 3727 1385 3806 eligebant
1408 3725 1492 3787 viros

539 3827 647 3902 fortes,
662 3837 695 3890 et
709 3825 750 3888 ad
763 3828 848 3889 bella
867 3825 1081 3891 doctissimos.
1127 3828 1329 3890 Electionem
1350 3845 1492 3907 namque

538 3928 600 3990 ista
627 3927 836 4009 praereninnt.
896 3928 960 3999 Qui
991 3949 1064 3991 vero
1102 3951 1167 3991 nou
1198 3929 1319 3991 electus
1348 3926 1490 4010 seipsum

538 4028 661 4091 militiae
675 4029 801 4109 ingerit,
817 4029 849 4090 in
866 4050 901 4090 se
918 4028 1057 4107 gladium
1074 4042 1237 4113 provocat,
1252 4050 1349 4113 quem
1364 4027 1494 4112 propria

539 4132 714 4193 temeritate
741 4140 882 4213 usurpat.
929 4131 969 4192 In
992 4131 1254 4195 constitutionem
1277 4150 1352 4212 ergo
1378 4150 1493 4212 perpe·

538 4244 625 4296 tuam
639 4233 764 4308 incidit,
777 4233 853 4315 quia
869 4233 924 4314 qui
941 4233 1083 4313 gladium
1098 4236 1229 4318 accipit,
1240 4234 1348 4317 gladio
1363 4232 1494 4317 peribit.

449 4389 454 4396 .
538 4335 573 4398 Si
597 4337 724 4398 veroin
748 4356 786 4397 eo
810 4334 976 4398 Ciceronis
1000 4337 1172 4400 auctoritas
1196 4337 1362 4420 recipitur,
1374 4334 1403 4397 is
1426 4354 1492 4397 non
