3550 5467
515 711 554 770 10
770 728 908 774 suenrus
924 728 1201 776 senesannrsssrs
1320 714 1403 794 [un.
1420 734 1464 778 vr.

500 879 660 944 ‘liberant
704 880 743 942 Iu
759 883 908 945 trecentis
923 883 1030 968 itaque
1047 883 1121 946 viris
1136 884 1219 946 lacta
1238 896 1286 948 est
1304 885 1464 948 biberatio

512 981 635 1063 populi,
651 981 761 1044 hostes
775 983 861 1060 caesi,
876 983 1027 1066 captivati
1048 1004 1148 1064 reges,
1163 994 1195 1046 et
1216 983 1374 1048 interfecti
1395 1007 1464 1049 non

511 1093 577 1144 tam
605 1082 728 1144 militiae
754 1104 851 1165 quam
881 1082 1011 1146 malitiae
1041 1083 1217 1167 principes,
1243 1087 1464 1168 percussitque

512 1183 629 1259 Zebee,
644 1193 677 1245 et
698 1183 849 1246 Salmana
869 1184 904 1247 in
927 1205 981 1248 ore
1004 1185 1113 1264 gladii,
1129 1197 1161 1246 ct
1183 1186 1256 1249 tulit
1276 1199 1465 1250 ornamenta

510 1296 543 1348 et
564 1284 680 1357 bullas,
697 1284 814 1367 quibus
829 1285 912 1347 colla
934 1285 1085 1366 regalium
1107 1286 1299 1348 camelorum
1320 1285 1463 1350 decorari

510 1388 625 1462 solent,
647 1398 833 1449 ornamenta
855 1407 996 1469 quoqne,
1019 1387 1161 1462 monilia,
1185 1397 1218 1450 et
1241 1398 1361 1451 vestem
1386 1409 1461 1471 pur·

508 1507 652 1572 puream,
667 1487 785 1570 quibus
806 1508 897 1568 reges
918 1487 1051 1550 Madian
1069 1488 1114 1550 uti
1130 1501 1370 1566 consueverant,
1385 1490 1464 1552 sibi·

511 1608 574 1670 que
589 1587 630 1649 de
646 1596 735 1649 tauta
749 1587 858 1670 praeda
874 1588 960 1649 solas
981 1588 1108 1650 inaures
1123 1610 1236 1653 aureas
1253 1589 1462 1653 Hismaelita·

508 1708 578 1750 rum
601 1687 779 1762 reservavit,
795 1688 919 1749 caeteris
934 1709 977 1749 ex
998 1687 1120 1751 ratione
1136 1690 1260 1772 populo
1275 1689 1461 1752 distributis.

508 1787 596 1850 Vicit
618 1808 693 1867 ergo
713 1786 963 1849 innumerabiles
985 1786 1123 1849 hostium
1139 1789 1261 1871 copias,
1274 1788 1462 1872 inexpedita

507 1889 667 1972 paucitate
678 1888 816 1949 virorum
833 1886 972 1964 fortium,
982 1908 1064 1970 quos
1079 1909 1142 1950 non
1160 1889 1254 1952 facile
1270 1888 1461 1953 crediderim

508 1989 541 2050 in
557 1988 682 2050 deliciis
697 1988 823 2049 urbium
839 1998 895 2049 aut
905 1988 1065 2067 regalibus
1081 1989 1185 2071 epulis
1196 1989 1460 2074 quotidianisque

508 2087 664 2152 conviviis
690 2085 842 2149 didicisse
869 2097 905 2150 ut
930 2109 1047 2171 aquam
1076 2088 1265 2167 lamberent,
1292 2091 1378 2155 unde
1404 2113 1461 2155 eos

509 2189 659 2253 dominus
685 2210 749 2272 prm
774 2189 899 2251 caeteris
922 2190 1048 2252 censuit
1071 2190 1248 2272 eligendos.
1294 2193 1329 2256 Si
1353 2204 1461 2256 tamen

506 2289 667 2355 interdum
693 2290 866 2352 necessitas
892 2291 1005 2372 exigit,
1028 2293 1167 2354 urbanos
1195 2293 1461 2380 delicatioresque

507 2394 549 2459 nd
575 2413 662 2457 anna
687 2392 850 2476 compelli,
873 2414 917 2455 ex
944 2415 1010 2477 quo
1036 2395 1172 2476 primum
1199 2417 1316 2458 nomen
1343 2395 1460 2459 dedere

506 2494 640 2573 militiae,
655 2494 810 2570 laborare,
820 2490 999 2568 decurrere,
1014 2505 1140 2576 portare
1155 2496 1296 2578 pondus,
1308 2507 1340 2559 et
1360 2497 1460 2559 solem

505 2595 733 2680 pulveremque
752 2593 832 2655 serre
853 2591 1054 2670 condiscant,
1068 2613 1166 2674 pareo
1182 2594 1269 2658 victu
1283 2606 1414 2658 utantur
1428 2607 1460 2659 et

505 2693 633 2757 rustico.
679 2688 842 2754 Interdum
858 2691 918 2752 sub
935 2688 1019 2767 divo,
1035 2690 1195 2753 interdum
1211 2693 1270 2754 sub
1287 2693 1458 2775 papilioni-

506 2797 567 2861 bus
582 2802 829 2868 commorentur,
843 2802 921 2854 tnnc
944 2789 1072 2854 demum
1095 2791 1138 2855 ad
1161 2814 1252 2856 usum
1275 2794 1460 2858 erudiantur

505 2916 674 2960 armornm.
719 2895 774 2971 Et,
797 2894 823 2955 si
844 2893 972 2972 longior
994 2893 1160 2976 expeditio
1183 2897 1328 2977 emergit,
1345 2897 1378 2958 in
1402 2917 1459 2959 an-

506 2996 601 3080 gariis
623 2996 793 3080 plurimum
815 2993 981 3057 detinendi
1003 3006 1094 3057 sunt:
1119 2999 1294 3080 proculque
1317 2996 1459 3061 habendi

504 3100 546 3163 ab
558 3098 717 3161 illecebris
732 3096 880 3173 civitatis,
890 3106 926 3159 ut
937 3118 975 3159 eo
991 3095 1131 3159 modoet
1147 3099 1332 3180 corporibus
1347 3119 1457 3162 eornm

503 3201 600 3263 robur
614 3196 759 3273 accedat,
774 3210 808 3261 et
827 3196 951 3259 animis.
996 3197 1067 3260 Nec
1083 3194 1294 3260 inficiandum
1310 3209 1368 3276 est,
1382 3211 1458 3280 post

502 3301 614 3363 urbem
631 3298 793 3362 conditam
809 3299 975 3360 Romanos
990 3318 1032 3359 ex
1049 3298 1175 3360 civitate
1192 3320 1319 3381 semper
1332 3300 1458 3382 prosec-

504 3417 555 3466 tos
577 3421 648 3463 esse
670 3399 712 3462 ad
734 3399 872 3461 bellum:
904 3397 960 3460 sed
981 3410 1057 3461 tuuc
1080 3399 1176 3461 nullis
1199 3399 1323 3463 deliciis
1345 3401 1456 3482 iunge·

502 3505 630 3578 bantur,
654 3498 802 3564 sudorem
831 3521 926 3562 cursu
952 3511 984 3562 et
1011 3501 1181 3582 campestri
1208 3502 1360 3564 exercitio
1388 3502 1455 3564 col·

501 3607 632 3682 lectum,
661 3601 760 3665 nandi
790 3623 850 3664 usu
881 3602 1035 3685 juventus
1072 3602 1222 3666 abluebat
1257 3604 1291 3666 in
1322 3604 1454 3686 Tyberi.

502 3705 595 3772 Idem
609 3706 754 3782 bellator,
766 3703 916 3789 idemque
932 3704 1090 3786 agricola,
1114 3704 1171 3767 sed
1193 3726 1311 3785 genera
1328 3716 1454 3787 tantum

502 3808 720 3874 commutabat
734 3827 901 3868 armorum.
943 3806 1040 3878 Quod
1056 3805 1254 3888 usqueadeo
1270 3826 1381 3869 verum
1396 3817 1456 3883 est,

502 3918 540 3976 ut
553 3907 655 3971 aranti
666 3906 798 3980 Quintio
810 3905 1003 3970 Cincinnato
1019 3905 1207 3968 dictaturam
1225 3914 1350 3968 constet
1365 3905 1453 3969 obla-

503 4023 580 4088 lm,

605 4118 689 4181 Quem
701 4114 803 4185 trepida
813 4119 874 4166 ante
886 4114 967 4166 bores
979 4113 1134 4166 dictaturam
1146 4115 1231 4167 induit
1242 4132 1317 4179 uxor,

605 4203 643 4256 Et
653 4218 701 4254 sua
711 4208 797 4252 matra
808 4200 912 4252 domum
924 4199 998 4251 lictor
1010 4199 1079 4253 tulit.

498 4332 554 4401 Ex
573 4325 657 4410 agris
672 4344 746 4406 ergo
761 4324 857 4387 robur
871 4323 1032 4388 exercitus
1053 4325 1214 4407 praecipue
1233 4323 1451 4407 supplendum
