3550 5467
406 739 480 785 car.
499 720 592 802 vnn]
752 738 1006 784 eoti'cnnrrcns.
1301 732 1364 791 943

407 890 469 965 nui,
486 902 543 955 aut
560 889 692 977 spiritus
709 888 837 968 Bacchi,
852 890 988 956 inaniter
1007 891 1232 958 intumescunt.
1279 901 1363 961 Nam

407 1016 483 1082 quae
499 1016 518 1056 a
533 991 667 1079 plebeis,
683 990 715 1055 id
731 1002 779 1054 est
795 991 1004 1070 tenuioribus,
1020 992 1240 1069 celebrantur;
1264 997 1363 1061 inter-

407 1095 486 1158 dum
514 1092 631 1168 civilia,
657 1092 817 1157 interdum
843 1093 1062 1180 philosophica
1087 1109 1173 1178 sunt,
1196 1099 1256 1162 nisi
1280 1099 1364 1164 forte

409 1198 559 1272 Socratis,
573 1195 761 1273 Alcibiadis,
775 1194 928 1282 Epicteti,
945 1196 1144 1284 aliorumque
1160 1199 1365 1288 philosopho·

409 1321 480 1362 rum
496 1296 644 1362 convivia
658 1297 796 1363 incivilia
815 1298 964 1384 opineris.
1011 1301 1126 1364 Civilia
1149 1317 1252 1366 tamen
1276 1318 1363 1382 sunt,

409 1416 446 1465 ut
461 1422 580 1464 morem
597 1422 768 1486 sequamur
786 1414 942 1476 nostrum,
959 1403 1015 1486 qui
1032 1401 1193 1487 pinguiori
1217 1408 1365 1470 Minerva

409 1506 541 1581 utimur,
556 1525 618 1566 non
634 1502 764 1588 quidem
783 1503 950 1580 dissoluta,
965 1504 1020 1568 sed
1039 1504 1193 1570 liberioris
1216 1506 1366 1588 licentiae,

409 1619 441 1670 et
459 1605 612 1692 opulenta
636 1604 747 1690 magis,
762 1618 794 1670 et
821 1629 894 1692 quae
918 1605 958 1669 ad
985 1628 1182 1670 communem
1209 1607 1364 1682 laetitiam,

409 1706 618 1772 salvatamen
634 1706 800 1783 modestia,
817 1707 918 1792 magis
933 1731 1029 1793 quam
1045 1706 1085 1771 ad
1109 1708 1363 1795 philosophicum

409 1812 545 1894 rigorem
561 1808 728 1872 accedunt.
766 1808 817 1872 Ab
830 1808 880 1873 his
892 1829 970 1892 ergo
986 1808 1194 1874 Nasidianitae
1206 1824 1365 1888 arcentur,

409 1923 442 1975 et
466 1910 653 1997 quicunque
671 1909 832 1996 supercilii
856 1911 1026 1996 gravitate,
1042 1921 1074 1974 et
1098 1911 1256 1976 inamoeno
1272 1912 1364 1977 vultu

409 2011 617 2077 admissorum
642 2011 833 2076 hilaritatem
850 2012 992 2077 offendit.
1039 2013 1199 2100 Quicquid
1223 2018 1306 2079 enim
1331 2018 1364 2079 in

409 2113 473 2180 olla
488 2115 621 2192 ferveat,
637 2114 739 2179 autin
760 2114 867 2178 culina
891 2129 1033 2201 paretur,
1048 2130 1105 2180 aut
1121 2131 1306 2202 congestum
1323 2117 1363 2181 sit

408 2216 439 2281 ia
455 2217 688 2304 promptuario,
704 2216 806 2280 autin
831 2240 939 2281 mensa
962 2218 1173 2303 resplendeat,
1189 2219 1363 2306 insipidum

408 2334 467 2398 est,
483 2334 516 2385 et
530 2320 701 2397 insulsum,
718 2322 745 2383 si
760 2342 821 2383 non
838 2318 949 2384 hilaris
966 2320 1072 2385 vultus
1088 2320 1204 2385 indicio
1220 2344 1363 2407 saporem

406 2423 533 2509 ingerat
552 2421 702 2486 caritatis.
745 2425 828 2486 Nam
851 2436 882 2487 et
904 2422 1046 2510 Jupiter,
1061 2437 1097 2488 ut
1117 2425 1151 2486 in
1170 2423 1288 2489 fabulis
1304 2436 1363 2502 est,

407 2529 559 2614 pauperis
588 2524 717 2611 hospitii
747 2525 924 2610 acceptavit
952 2524 1143 2602 convivium,
1171 2539 1203 2589 et
1233 2549 1364 2610 magnas

405 2631 568 2715 reputavit
593 2626 729 2703 delitias,
744 2628 831 2712 quod
856 2626 972 2690 devota
999 2627 1192 2692 Philemonis
1216 2629 1364 2710 angustia

406 2727 610 2794 ministravit.
655 2728 700 2791 Et
716 2727 845 2812 quidem
873 2727 913 2791 de
929 2726 984 2790 illo
999 2727 1120 2792 dictum
1137 2742 1196 2804 est,
1213 2727 1266 2791 sed
1283 2728 1364 2791 obti-

408 2845 463 2896 net
478 2832 567 2917 apud
583 2853 704 2906 omnes,
719 2830 796 2915 quia

726 2991 804 3045 super
816 2975 903 3026 omnia
916 2974 1002 3027 vultus

549 3059 688 3112 Aocemere
699 3059 771 3124 boni,
782 3077 829 3111 nec
841 3061 910 3111 iners
923 3074 1071 3130 pauperque
1084 3057 1211 3109 voluutas.

410 3191 473 3254 Est
489 3210 567 3274 ergo
581 3186 717 3251 civiliter
733 3187 906 3261 convivari,
923 3185 1014 3250 hilari
1032 3184 1135 3265 vultu,
1150 3182 1239 3270 larga
1258 3204 1364 3265 manu,

405 3289 555 3374 diligenti
570 3288 673 3352 officio
688 3311 846 3352 amoenare
864 3288 1053 3362 convivium,
1070 3300 1102 3350 et
1118 3285 1204 3371 quod
1219 3286 1251 3349 in
1269 3309 1364 3350 usum

406 3392 564 3481 suppetit,
577 3391 686 3456 hahita
701 3391 822 3455 ratione
834 3411 1052 3477 personarum,
1068 3388 1139 3463 loci,
1153 3402 1183 3452 et
1201 3387 1363 3474 temporis,

405 3494 543 3581 singulis
568 3493 757 3580 dispensare,
781 3516 842 3556 non
870 3491 1000 3578 quidem
1027 3514 1066 3554 ex
1094 3491 1224 3555 tristitia
1248 3490 1296 3555 vel
1321 3515 1364 3558 ex

405 3595 603 3667 necessitate,
617 3618 717 3682 quum
734 3595 865 3659 hilarem
876 3594 1017 3659 datorem
1029 3603 1060 3657 et
1072 3593 1161 3657 Deus
1170 3592 1293 3680 diligat.
1326 3597 1363 3658 ln

407 3719 487 3763 usus
501 3697 636 3762 istorum
653 3695 724 3761 licet
741 3708 772 3761 et
789 3694 883 3762 Catio

514 3829 617 3882 Ponere
628 3829 704 3896 signa
715 3830 788 3880 novis
799 3829 945 3900 praeceptis,
958 3826 1046 3897 qualia
1058 3827 1162 3879 vincant

515 3914 694 3984 Pythagoran,
707 3914 840 3982 Anytique
852 3932 935 3978 reum,
948 3914 1101 3981 doctumque
1115 3913 1236 3967 Platona.

406 4039 508 4104 Porro
528 4033 674 4098 convivia
688 4032 908 4119 philosophica
928 4035 1056 4098 omnino
1072 4032 1237 4117 castigata,
1253 4046 1284 4097 et
1301 4035 1366 4096 suis

406 4140 528 4226 regulis
543 4136 680 4200 limitata
698 4146 783 4214 sunt,
800 4150 835 4200 ut
852 4136 908 4222 qui
930 4149 1095 4200 versantur
1109 4134 1141 4198 in
1169 4135 1230 4209 his,
1246 4134 1366 4217 possint

406 4242 496 4307 nulla
518 4239 583 4305 cibi
605 4252 637 4303 et
660 4251 756 4322 potus
777 4236 969 4323 impediente
993 4236 1150 4313 molestia,
1172 4234 1236 4299 suis
1257 4233 1366 4297 officiis

406 4343 568 4410 inservire.
601 4341 714 4406 Sobria
729 4339 811 4404 enirn
822 4352 906 4417 sunt,
917 4351 949 4402 et
960 4337 1046 4402 omni
1058 4336 1187 4400 luxuria
1202 4335 1366 4421 castigata,

864 4460 886 4504 R
901 4448 921 4503 2
