3550 5467
535 752 594 810 lon
790 762 926 807 Joauurs
941 761 1219 807 sanasunrunssrs
1334 748 1419 825 [rra.
1437 767 1490 809 vn.

532 915 660 980 scientia
675 928 707 978 et
719 914 847 977 levitate
860 935 994 976 morum.
1025 913 1172 979 Sordidis
1185 914 1333 979 vestibus
1349 916 1391 980 ab
1404 913 1489 980 initio

531 1018 665 1080 indutus
676 1037 757 1093 sum,
770 1030 801 1080 et
814 1039 867 1080 eas
882 1037 1047 1100 uunquam
1059 1015 1214 1098 sanguine
1226 1018 1318 1100 agni,
1329 1031 1387 1082 aut
1403 1019 1490 1082 resti-

531 1120 593 1182 bus
609 1118 719 1182 stndui
740 1117 898 1182 dealbare.
937 1117 1105 1194 Quomodo
1119 1140 1197 1204 ergo
1218 1133 1333 1183 sancta
1350 1120 1489 1184 tractabo

530 1220 684 1306 pollutus,
700 1234 769 1296 unt,
784 1218 873 1305 quod
888 1218 1081 1284 sacerdotem
1103 1233 1243 1305 oportet,
1259 1221 1387 1306 polluta
1402 1245 1489 1285 muu-

528 1323 635 1386 dabo?
663 1320 744 1384 Nam
760 1323 862 1405 legem
877 1319 1089 1385 indesinenter
1103 1324 1270 1398 contemsi
1287 1337 1320 1388 et
1339 1325 1489 1389 Sanctum

530 1426 603 1501 Dei,
618 1425 801 1510 increpante
816 1421 994 1496 Bacchide,
1011 1423 1152 1508 polluere
1167 1447 1231 1488 non
1246 1424 1381 1490 cessavi.
1417 1430 1487 1497 Mea

528 1550 605 1610 ergo
628 1526 795 1612 promotio,
810 1524 920 1611 populi
943 1524 1079 1609 dejectio
1101 1540 1160 1590 est.
1200 1530 1309 1592 Ruina
1331 1527 1485 1615 siquidem

529 1630 652 1714 populi,
666 1629 844 1695 sacerdotes
859 1627 945 1690 mali.
978 1628 1069 1692 Facti
1090 1643 1165 1699 sunt
1180 1630 1266 1695 enirn
1287 1631 1319 1692 in
1337 1631 1486 1717 laqueum

528 1733 651 1817 populi,
667 1733 841 1798 existentes
861 1731 890 1793 in
915 1731 1053 1815 specula,
1070 1746 1103 1795 ct
1125 1731 1207 1795 sicut
1231 1746 1298 1797 rete
1319 1745 1483 1799 extensum

526 1835 566 1898 ad
583 1835 788 1898 involvendas
803 1833 930 1903 animas
972 1834 1086 1898 Terret
1105 1858 1154 1897 ure
1171 1837 1319 1919 Aggens,
1336 1835 1486 1920 parabola

527 1936 660 2018 mystica
679 1933 844 1999 sacerdotii
860 1934 1040 2018 periculum
1061 1939 1253 2022 exprimens,
1269 1949 1301 2000 et
1319 1937 1484 2007 manifeste

525 2036 653 2114 docens,
674 2035 752 2121 qnia
772 2039 949 2120 populosa
971 2033 1170 2099 sacerdotum
1195 2035 1339 2102 moribus
1361 2036 1484 2099 facilius

525 2136 602 2198 vitia
630 2137 799 2210 contrahit,
829 2159 927 2221 quam
957 2136 1103 2202 virtutes.
1155 2137 1337 2221 Interroga,
1368 2137 1485 2224 inqiut,

523 2238 702 2301 sacerdotes
721 2242 835 2320 legem,
850 2251 882 2300 et
905 2237 957 2300 dic
979 2237 1041 2301 eis:
1074 2239 1107 2303 Si
1131 2254 1331 2303 sacrosancta
1355 2239 1407 2301 vel
1429 2261 1481 2302 vas

522 2351 664 2404 sanctum
686 2338 855 2421 contigerit
877 2338 1013 2421 alicujus
1038 2338 1273 2417 vestimentum,
1297 2339 1323 2401 si
1345 2338 1480 2402 sanctifi-

521 2454 593 2505 cant
609 2463 682 2502 eum
699 2463 737 2502 ex
761 2438 900 2524 eoquod
924 2437 1107 2524 contingit?
1139 2441 1182 2504 Et
1201 2463 1302 2525 quum
1325 2441 1479 2504 dixissent

521 2541 698 2606 sacerdotes
713 2543 787 2625 quia
809 2562 872 2602 uon
896 2540 1083 2617 sanctificat,
1099 2541 1181 2606 dixit
1205 2542 1246 2604 ad
1262 2565 1316 2604 eos
1333 2563 1477 2605 rursum:

523 2647 555 2709 Si
571 2646 773 2711 immunditia
793 2645 962 2730 contigerit
978 2648 1202 2708 vestimentum
1226 2646 1351 2721 mundi,
1369 2658 1474 2709 utrum

520 2749 645 2830 polluat
659 2750 754 2812 enm?
779 2749 824 2811 Et
839 2747 1002 2821 dixerunt,
1018 2748 1094 2832 quia
1111 2747 1237 2832 polluit.
1266 2747 1476 2812 Tolerabilius

520 2873 597 2934 ergo
618 2863 666 2914 est
689 2874 738 2913 me
762 2872 860 2913 unum
884 2848 1021 2932 propriis
1041 2850 1187 2915 consumi
1209 2849 1307 2925 vitiis,
1323 2872 1422 2935 quam
1443 2850 1473 2912 in

521 2952 638 3016 multos
653 2953 802 3017 vitiorum
824 2950 962 3016 diffundi
978 2963 1109 3035 pestem.
1149 2951 1202 3016 Ad·
1217 2951 1286 3016 haec
1302 2952 1327 3016 si
1344 2975 1479 3038 persona

519 3070 601 3120 esset
629 3078 860 3141 usquequaque
891 3052 1069 3129 laudabilis,
1096 3054 1121 3116 si
1154 3076 1215 3116 nou
1246 3077 1347 3123 essem
1378 3058 1475 3119 curiae

519 3158 656 3222 nexibus
676 3158 829 3241 illigatus,
853 3179 903 3220 me
929 3155 1072 3220 Micheas
1093 3155 1262 3222 durissime
1284 3156 1412 3242 repellit
1434 3157 1475 3221 ab

518 3260 621 3341 aditu,
641 3282 702 3323 non
726 3261 832 3323 ferens
859 3260 948 3344 Syon
972 3257 1122 3324 aedificari
1146 3259 1178 3321 in
1200 3259 1428 3343 sanguinibus,
1443 3272 1473 3323 et

519 3363 716 3427 Hierusalem
733 3363 764 3424 in
781 3361 951 3444 iniquitate
967 3361 1145 3447 principum
1163 3384 1306 3425 snorum.
1340 3362 1404 3429 Hic
1419 3373 1473 3426 aut

516 3465 606 3529 nulla
625 3476 684 3538 est,
700 3476 756 3525 ant
778 3461 953 3547 compulsa,
969 3473 1026 3526 aut
1046 3463 1194 3527 simulata
1216 3463 1340 3530 electio
1381 3464 1472 3533 Hunc

515 3590 643 3653 quoque
671 3580 793 3652 partem
822 3581 974 3650 protensa
1008 3567 1225 3649 disputatione
1254 3567 1469 3652 prosequitur.

514 3673 681 3734 Postremo
708 3690 740 3730 se
773 3669 952 3753 promoueri
983 3692 1045 3733 non
1075 3693 1167 3754 posse
1196 3668 1264 3732 sine
1292 3669 1470 3756 suspicione

513 3771 691 3834 simoniaca·
701 3769 878 3853 pravitatis,
891 3792 991 3855 quum
1003 3771 1045 3833 ob
1058 3770 1193 3857 hocjus,
1206 3775 1467 3839 etauctoritatem

513 3872 620 3957 sigilli,
632 3885 687 3936 aut
698 3870 824 3947 cimelii,
833 3885 890 3935 ant
903 3871 1020 3946 scrinii,
1032 3873 1144 3935 emisse
1154 3872 1316 3943 videatur.
1328 3873 1399 3940 licet
1410 3871 1474 3939 alie.

514 3988 617 4038 mente
631 3972 672 4036 ad
687 3972 874 4058 obsequium
892 3975 1068 4058 potestatis,
1080 3974 1160 4038 sicut
1175 3997 1316 4059 praeseus
1333 3987 1467 4039 testatur

510 4077 589 4154 dies,
605 4099 670 4162 qua
688 4074 831 4138 delatum
851 4078 1001 4139 honorem
1025 4077 1156 4159 respuit,
1173 4089 1254 4139 teste
1274 4075 1466 4141 conscientia

510 4178 686 4252 accesserit,
707 4176 858 4238 affectans
881 4189 917 4238 ut
937 4198 994 4258 per
1016 4175 1076 4239 hoc
1097 4177 1162 4238 sine
1183 4199 1279 4238 onere
1300 4177 1465 4239 sortiretur

510 4282 669 4346 honorem.
707 4277 905 4364 Apristolicas
927 4301 1057 4362 qnoque
1080 4278 1257 4341 sanctiones
1280 4278 1416 4362 replicat
1438 4288 1467 4339 et

508 4384 652 4462 revolvit,
664 4382 785 4473 quibus
799 4379 922 4466 pridem
940 4391 1096 4442 statutum
1109 4393 1169 4455 est,
1183 4391 1217 4441 ut
1234 4402 1252 4440 n
1270 4379 1370 4443 sacris
1384 4377 1464 4441 ordi·
