3550 5467
408 731 468 790 186
669 728 805 786 solutus
821 740 1105 785 sanusnunmssts
1205 723 1289 803 [mn.
1304 739 1354 784 vu.

543 944 623 1026 Cap.
639 949 691 1005 94.
716 942 768 1005 De
782 943 912 1015 invidia,
928 952 958 1005 ct
974 942 1224 1006 detractoribus.

448 1079 539 1141 Ecca
557 1099 653 1162 quam
669 1076 764 1139 miser
778 1092 825 1141 est
841 1076 913 1140 finis
928 1076 1183 1161 hypocritarum,
1201 1075 1258 1161 qui
1275 1096 1356 1137 sacro

406 1193 541 1243 testante
571 1177 708 1262 eloquio,
739 1176 915 1263 perdentur
945 1191 982 1242 ut
1018 1177 1270 1258 sterquilinium,
1299 1199 1357 1259 quo

405 1278 484 1342 nihil
514 1277 711 1340 immundius
742 1291 799 1340 est.
856 1278 990 1341 Frustra
1019 1301 1097 1362 ergo
1133 1276 1356 1355 affectaverunt

407 1379 551 1443 umbram
564 1379 718 1441 bonorum
735 1400 883 1463 operum:
909 1400 980 1441 nam
994 1379 1019 1441 si
1032 1379 1117 1442 bona
1127 1391 1246 1454 essent,
1261 1399 1358 1440 revera

406 1502 608 1567 nequaquam
640 1479 857 1565 perderentur.
913 1482 955 1545 Ut
987 1478 1146 1542 desideria
1175 1479 1280 1542 carnis
1308 1477 1358 1540 im·

406 1582 541 1669 plerent,
568 1604 640 1667 quae
670 1581 821 1644 adversus
851 1580 996 1664 spiritum
1025 1581 1238 1667 concupiscit,
1265 1578 1358 1643 multa

407 1685 626 1749 sustinuerunt
645 1683 676 1745 in
699 1683 783 1747 fame
805 1696 837 1746 et
858 1683 928 1756 siti;
962 1682 992 1745 in
1013 1683 1133 1766 frigore
1155 1703 1188 1746 et
1210 1681 1359 1755 nuditate,

406 1802 439 1850 et
462 1786 628 1858 similibus,
651 1785 769 1870 quibus
794 1785 915 1850 Christi
943 1785 1121 1870 preciosum
1149 1789 1213 1849 enti
1243 1797 1360 1868 poterat

408 1886 626 1969 margaritum.
675 1891 747 1949 Non
764 1885 845 1948 enim
863 1885 976 1948 insola
995 1886 1279 1966 immunditia,ch
1295 1884 1363 1968 gula

407 1988 582 2052 consistunt
606 2010 703 2071 opera
725 1988 838 2063 carnis,
861 2010 962 2072 quum
986 1987 1161 2073 Apostolus
1175 1987 1217 2051 ad
1239 1987 1363 2052 Galatas

408 2089 549 2175 loquens,
561 2113 597 2151 ea
610 2089 640 2151 in
658 2088 767 2153 multis
781 2090 866 2153 vitiis
877 2089 1045 2153 manifesta
1061 2113 1128 2153 esse
1143 2090 1323 2165 convincat,
1331 2102 1362 2152 ut

408 2204 482 2253 sunt
518 2190 698 2265 fornicati0,
733 2191 946 2265 immunditia,
977 2191 1123 2267 avaritia,
1154 2189 1361 2276 impudicitia,

409 2290 549 2366 luxuria,
564 2289 722 2353 idolorum
746 2292 894 2368 servitos,
919 2292 1077 2372 veneficia,
1093 2293 1281 2365 inimicitiae,
1296 2314 1362 2354 con-

410 2391 575 2468 tentiones,
599 2392 828 2472 aemulationes‚
852 2394 919 2473 irae,
944 2394 1033 2474 uxae,
1055 2394 1278 2471 dissensiones,
1304 2395 1364 2457 be·

411 2517 504 2570 reses,
532 2511 638 2571 sectae,
663 2491 804 2572 invidiae,
835 2496 1018 2573 homicidia,
1043 2496 1192 2573 ebrietas,
1220 2520 1365 2561 commes-

413 2597 561 2673 sationes,
584 2611 615 2660 et
643 2597 768 2660 similia.
813 2602 893 2672 Quae
916 2599 971 2683 qui
994 2599 1212 2673 committunt,
1237 2620 1364 2683 regnum

412 2699 473 2763 Dei
490 2722 551 2762 non
565 2699 782 2786 possidebunt.
819 2701 892 2763 Sive
907 2725 983 2786 ergo
996 2702 1036 2765 ad
1050 2702 1144 2765 finem
1157 2701 1365 2765 immunditia

411 2816 442 2865 et
459 2800 608 2875 luxuriae,
625 2801 690 2864 sive
712 2801 752 2863 ad
768 2800 869 2864 inanis
883 2801 994 2886 gloria
1011 2802 1060 2865 vel
1077 2803 1222 2866 avaritiae
1238 2806 1364 2877 exitum,

412 2928 509 2990 opera
536 2905 724 2978 reserantur,
748 2906 825 2990 quia
855 2905 1026 2989 privantur
1049 2907 1112 2968 fine
1144 2929 1214 2982 suo,
1238 2919 1363 2969 mortem

413 3005 592 3070 incurrunt.
640 3006 736 3069 Unde
755 3006 837 3068 idem
862 3010 1055 3090 Apostolus:
1084 3008 1157 3070 Non
1181 3005 1365 3079 efficiamini,

414 3107 528 3191 inquit,
544 3105 646 3170 inanis
666 3108 776 3193 gloriae
795 3107 919 3191 cupidi,
936 3107 1068 3171 invicem
1091 3123 1312 3194 provocantes,
1326 3108 1368 3170 in·

414 3208 515 3272 vicem
543 3208 730 3273 invidentes.
777 3213 859 3274 Sane
887 3209 965 3272 vitia
994 3211 1111 3295 quibus
1140 3211 1223 3275 t'alsa
1247 3209 1369 3298 justitia

413 3311 593 3387 innotescit,
623 3313 797 3397 prudenter
834 3325 865 3375 et
888 3311 1050 3396 eleganter
1072 3315 1244 3398 expressit,
1275 3334 1367 3400 quum

414 3413 605 3496 arrogantiae
622 3429 728 3477 tumor
744 3413 835 3476 facile
850 3429 1012 3499 provocet,
1030 3413 1115 3476 unde
1131 3415 1193 3478 sibi
1210 3415 1369 3501 provenire

415 3513 578 3576 victoriam
595 3515 757 3597 opinatur,
770 3529 802 3578 et
820 3514 900 3578 livor
915 3515 976 3578 illis
991 3515 1144 3593 invideat,
1159 3540 1244 3602 quos
1255 3515 1369 3603 superi·

414 3637 484 3677 ores
494 3630 586 3699 putat
600 3639 677 3690 esse,
688 3617 736 3679 vel
744 3638 843 3699 pares.
867 3620 941 3695 Quo
953 3618 1081 3702 quidem
1094 3619 1172 3681 nihil
1185 3618 1367 3683 crediderim

415 3740 480 3779 esse
496 3716 651 3794 miserius,
663 3717 732 3781 licet
750 3719 838 3782 nulla
853 3721 979 3783 miseria
995 3720 1100 3785 minus
1114 3735 1242 3785 moreat
1257 3720 1370 3785 ntiseri·

416 3817 556 3880 cordiam
582 3821 628 3898 (et
652 3819 712 3884 hoc
738 3831 832 3901 recte)
857 3844 955 3907 quam
982 3822 1146 3886 calamitas
1173 3847 1296 3900 eorum,
1319 3822 1369 3908 qui

417 3935 529 4005 sponte
549 3921 780 3986 beatitudinem
804 3924 997 4008 abjecerunt.
1044 3926 1124 4002 Quis
1143 3927 1227 3990 enim
1251 3949 1372 4013 compa·

417 4025 514 4089 tiatur
543 4025 600 4104 eis,
625 4027 680 4112 qui
710 4053 729 4092 a
759 4026 830 4090 selle
857 4028 987 4092 malitiae
1013 4028 1138 4093 malunt
1165 4053 1234 4094 esse
1262 4031 1371 4102 miseri,

417 4152 513 4213 quam
553 4129 661 4192 beati?
709 4130 860 4193 Patribus
898 4129 1056 4214 siquidem
1094 4130 1219 4214 pridem
1257 4131 1370 4217 placuit

419 4230 648 4295 beatitudinem
679 4230 852 4294 consistere
883 4230 914 4293 in
944 4235 1073 4306 virtute,
1102 4247 1135 4294 et
1166 4233 1286 4297 nullam
1314 4233 1372 4295 sine

417 4334 547 4396 caritate
572 4355 665 4416 posse
688 4355 753 4394 esse
782 4332 942 4397 virtutem.
992 4334 1097 4418 Cujus
1122 4337 1235 4419 utique
1258 4337 1376 4400 fructus
