3550 5467
409 766 472 811 me.
487 748 625 828 xxviia]
761 765 1042 814 ronrcaarrcus..
1320 754 1360 812 78

407 921 542 996 molitur,
554 940 650 1004 quam
668 939 841 982 excaecare.
885 918 1019 1001 Semper
1035 914 1164 1001 quidem
1174 918 1359 1003 juvenescit

406 1021 437 1082 in
452 1020 542 1098 vitio,
558 1041 630 1105 quae
647 1041 812 1105 nunquam
835 1018 988 1101 gravitate
1007 1039 1157 1081 sensuum
1173 1025 1357 1096 maturatur,

405 1119 493 1197 levia,
524 1119 657 1192 lasciva,
687 1119 820 1202 loquax,
843 1131 875 1181 et
904 1139 978 1202 quae
1007 1117 1049 1181 ad
1079 1140 1207 1182 omnem
1237 1139 1356 1196 auram,

405 1220 517 1303 quavis
532 1219 691 1284 arundine
706 1219 803 1283 citius
817 1219 963 1301 agitatur.

405 1490 486 1574 Cap.
507 1493 560 1554 28.
583 1492 787 1554 Auctoritate
805 1489 1043 1554 Socraticorum
1072 1492 1202 1576 quando
1228 1494 1359 1576 quiade

439 1613 498 1655 auo
512 1593 769 1666 commendatur,
784 1601 816 1655 et
832 1592 962 1677 quando
977 1594 1088 1656 alienu
1104 1595 1147 1655 sit
1163 1594 1322 1658 laudatio.

448 1727 503 1788 Er
524 1726 602 1790 licet
629 1726 664 1789 hi
686 1726 835 1790 tibicines
857 1727 1020 1803 vanitatis,
1042 1727 1175 1792 aliorum
1205 1732 1358 1813 supplan·

406 1826 523 1891 tationi
551 1849 678 1911 semper
707 1827 870 1904 insistant,
903 1828 936 1890 in
967 1828 1246 1894 commendatione
1274 1829 1359 1896 illius

406 1929 494 2015 quod
524 1930 664 1994 maxime
695 1951 788 1993 suum
818 1929 973 2015 cujusque
1002 1941 1062 2008 est,
1091 1943 1147 1995 aut
1176 1933 1277 1996 rarius
1305 1956 1358 1999 oc-

407 2043 577 2117 cupantur,
592 2044 647 2096 aut
666 2031 784 2095 minus.
827 2032 921 2095 Tunc
944 2033 1029 2096 euim
1051 2034 1186 2118 quisque
1205 2036 1356 2113 maxime,

407 2145 441 2197 et
465 2133 506 2197 de
529 2155 587 2197 suo
610 2133 863 2210 commendatur,
878 2156 978 2219 quum
993 2134 1035 2198 ad
1057 2136 1223 2220 sapientiae
1246 2137 1358 2203 laudes

407 2234 519 2314 lingua
539 2233 747 2317 predicantis
767 2232 903 2297 accedit.
948 2235 1072 2299 caeoera
1091 2257 1230 2320 namque
1250 2239 1359 2302 omnia

408 2335 514 2399 aliena
540 2346 623 2398 sunt
669 2335 771 2398 Suum
801 2335 968 2420 cujusque,
993 2336 1081 2419 quod
1107 2335 1200 2421 sapit.
1244 2338 1358 2420 Suum,

407 2438 550 2521 inquam,
565 2459 630 2501 non
651 2447 759 2500 tamen
773 2458 793 2500 a
807 2457 853 2515 se,
868 2437 926 2500 sed
942 2439 982 2500 ab
998 2459 1037 2501 eo
1053 2439 1145 2522 cujus
1160 2461 1276 2504 munus
1298 2450 1359 2517 est,

406 2540 562 2625 quicquid
578 2538 705 2602 laudem
720 2548 857 2602 meretur
869 2539 904 2601 iu
918 2539 1059 2603 homine.
1100 2541 1147 2602 Et
1160 2540 1214 2605 hic
1229 2541 1359 2625 quidem

407 2662 473 2704 non
495 2663 587 2705 meus
608 2651 658 2704 est
678 2660 791 2718 sermo,
813 2639 869 2703 sed
893 2661 988 2722 quem
1011 2641 1155 2704 omnium
1177 2643 1359 2724 sapientum

409 2754 514 2808 coetus
532 2744 748 2817 concelebrat,
766 2752 800 2805 et
819 2763 915 2824 quem
935 2742 967 2804 in
984 2742 1079 2819 libro,
1098 2742 1154 2826 qui
1176 2742 1360 2809 inscribitur

410 2846 450 2910 de
472 2849 545 2911 Deo
568 2846 719 2921 Socratis,
740 2844 834 2908 facile
856 2854 906 2908 est
925 2843 1078 2907 invenire.
1129 2844 1232 2929 Cujus
1251 2847 1358 2927 verba,

409 2957 541 3032 propter
569 2947 760 3029 elegantiam
790 2967 951 3023 sensuum,
979 2957 1011 3009 et
1040 2946 1191 3012 orationis
1218 2949 1359 3030 lepidam

410 3060 618 3122 venustatem,
641 3049 748 3112 curavi
770 3049 921 3121 inserere,
947 3047 1053 3110 uthis
1076 3069 1147 3130 quae
1167 3049 1360 3130 scribuntur,

411 3150 590 3235 promptius
608 3149 798 3213 adhibeatur
812 3147 905 3226 fides,
920 3170 1019 3232 quum
1035 3148 1076 3211 de
1090 3150 1260 3232 purissimo
1275 3150 1361 3218 fonte

412 3253 568 3337 majorum
591 3251 703 3316 eadem
726 3251 920 3334 profluxisse
942 3251 1129 3315 constiterit.
1174 3252 1230 3315 Ait
1253 3252 1360 3339 itaque

411 3354 586 3438 Apuleius:
621 3355 715 3417 Nihil
737 3375 827 3438 aeque
849 3354 954 3432 miror,
970 3353 1058 3436 quod
1073 3375 1169 3436 quum
1194 3376 1306 3418 omnes
1330 3367 1364 3421 et

412 3458 544 3540 cupiant
572 3457 693 3541 optime
724 3456 840 3535 rivere,
861 3465 894 3519 et
922 3457 1027 3519 sciant
1054 3478 1121 3520 non
1151 3457 1214 3520 alia
1241 3478 1274 3520 re
1299 3458 1362 3522 rivi

413 3581 508 3643 quam
529 3560 647 3638 animo,
667 3580 728 3623 nec
752 3559 821 3622 fieri
843 3581 948 3644 posse,
964 3560 1052 3642 quin,
1068 3569 1103 3623 ut
1123 3560 1243 3642 optime
1263 3562 1363 3640 vivas,

412 3661 538 3724 animus
560 3659 715 3726 colendus
735 3663 787 3736 sit,
811 3672 916 3725 tamem
938 3661 1086 3725 homines
1108 3661 1248 3726 animum
1270 3685 1363 3727 suum

413 3783 479 3826 non
499 3765 616 3827 colant.
663 3766 714 3841 At,
734 3763 761 3826 si
787 3763 860 3847 quis
881 3763 959 3826 velit
981 3764 1093 3827 acriter
1116 3785 1255 3843 cernere,
1277 3766 1363 3830 oculi

414 3864 549 3928 curandi
578 3876 663 3942 sunt,
685 3865 803 3948 quibus
832 3864 980 3927 cernitur.
1026 3865 1062 3928 Si
1088 3867 1167 3930 velis
1191 3868 1365 3950 perniciter

414 3988 549 4042 currere,
566 3966 666 4049 pedes
680 3966 812 4029 curandi
828 3975 911 4044 sunt,
928 3967 1046 4049 quibus
1060 3968 1203 4031 curritur.
1245 3969 1363 4032 Itidem

415 4069 442 4131 si
471 4068 628 4151 pugillare
658 4068 761 4132 valide
790 4070 881 4147 velis,
909 4068 1042 4133 brachia
1071 4070 1250 4151 vegetanda
1280 4081 1365 4149 sunt,

415 4172 534 4254 quibus
564 4171 747 4254 pugillatur.
809 4171 960 4234 Similiter
990 4172 1022 4233 in
1053 4173 1203 4234 omnibus
1240 4171 1365 4232 cacteris

414 4273 566 4335 membris
580 4294 640 4336 sua
654 4274 770 4358 cuique
781 4294 858 4336 cura
872 4294 931 4355 pro
942 4272 1049 4336 studio
1062 4284 1119 4334 est.
1153 4269 1249 4342 Quod
1268 4290 1365 4351 quum

414 4374 507 4460 facile
537 4396 650 4438 omues
678 4376 884 4458 perspiciant,
908 4395 1032 4456 nequeo
1063 4374 1140 4435 satis
1169 4391 1294 4433 mecum
1318 4393 1365 4435 re-
