3550 5467
403 787 480 834 cae.
498 773 564 847 xa]
762 789 1014 836 ronrcmmcus.
1300 781 1362 840 261

403 939 515 1002 tutius
530 940 573 1004 sit
589 939 711 1024 fugere,
727 952 759 1003 et
774 940 858 1004 illius
877 941 1034 1005 declinare
1057 946 1248 1008 conflictum.
1295 945 1362 1008 Nec

405 1040 540 1102 memini
563 1061 745 1126 quenquam
772 1063 823 1106 me
848 1042 1006 1106 invenisse
1032 1044 1073 1106 de
1098 1045 1362 1129 provocatoribus

405 1140 627 1226 voluptatum,
645 1163 739 1227 quem
764 1163 826 1204 non
850 1143 981 1228 legerim
1005 1144 1162 1211 cecidisse.
1208 1146 1260 1208 Eo
1280 1145 1362 1210 forte

405 1255 556 1326 spectant
584 1243 737 1326 figmenta
773 1242 907 1328 poetica,
938 1268 1012 1329 quae
1041 1245 1130 1329 orgia
1159 1245 1225 1309 sine
1254 1248 1362 1311 furore

407 1356 571 1407 transacta
590 1365 653 1406 non
676 1345 830 1419 recolunt,
847 1366 905 1408 nec
927 1346 1117 1409 erubescunt
1137 1369 1224 1409 sacra
1245 1347 1361 1411 Bacchi

407 1465 534 1522 cruore,
549 1445 736 1530 parricidiis,
751 1461 783 1510 et
799 1445 1031 1531 multiplicibus
1050 1445 1178 1530 flagitiis
1194 1449 1361 1513 maculare.

408 1545 473 1608 Eat
485 1560 638 1629 praeterea
652 1546 685 1610 in
699 1547 853 1610 conviviis
863 1547 1108 1622 observandum,
1122 1561 1157 1612 ut
1168 1550 1366 1614 instruendae

407 1645 551 1726 familiae,
566 1661 597 1712 et
613 1647 727 1713 domus
750 1648 898 1733 regendae
920 1671 1008 1728 cura,
1023 1662 1054 1713 et
1077 1650 1199 1713 servilis
1218 1649 1364 1736 obsequii

406 1749 597 1827 moderatio,
619 1754 675 1816 uui
696 1750 791 1815 alicui
815 1750 1036 1826 demandetur,
1052 1772 1092 1813 ne
1114 1750 1194 1836 quid
1217 1750 1362 1838 ineptum

407 1862 442 1914 et
471 1851 664 1936 imparatum
694 1863 857 1938 appareat,
888 1872 927 1913 ne
956 1851 1036 1938 quid
1071 1851 1276 1936 stupendum,
1305 1867 1363 1918 aut

408 1952 661 2017 erubescendum
684 1966 836 2037 emergat,
850 1975 890 2015 ne
913 1952 1077 2016 dominum
1100 1967 1246 2038 oporteat
1266 1953 1307 2018 ad
1330 1977 1364 2019 ae

407 2053 620 2138 gerendorum
644 2077 788 2118 revocare
811 2053 1057 2133 solicitudinem,
1071 2067 1102 2117 et
1128 2067 1164 2118 ut
1186 2054 1247 2118 dici
1271 2059 1362 2133 solet,
1461 2046 1467 2056 ⁵

408 2158 502 2240 quasi
518 2155 549 2218 in
566 2156 706 2220 humeris
726 2171 853 2243 portare
873 2155 1031 2220 convivas.
1076 2156 1164 2219 Vitet
1182 2156 1289 2234 etiam,
1304 2158 1362 2243 qui

408 2257 543 2321 conviva
552 2257 650 2320 cornis
661 2279 727 2320 esse
740 2255 886 2331 voluerit,
895 2255 1079 2320 consiliandi
1089 2258 1362 2338 consuetudinem,

408 2358 566 2442 verbique
581 2359 691 2422 secreti
703 2357 839 2423 faciendi
855 2380 984 2432 morem,
997 2381 1033 2421 eo
1046 2358 1133 2444 quod
1148 2360 1181 2422 in
1197 2361 1362 2439 conviviis,

409 2458 444 2522 id
474 2473 535 2539 est,
560 2459 592 2524 in
618 2459 762 2546 jucundo
792 2459 964 2525 amicorum
994 2462 1232 2526 convivantium
1263 2476 1361 2540 coetu,

408 2561 528 2627 debent
555 2567 660 2626 omnia
684 2585 750 2626 esse
772 2562 869 2639 nuda,
894 2564 981 2627 etin
1008 2583 1116 2626 amore
1138 2576 1170 2627 et
1194 2563 1258 2627 fide
1282 2565 1362 2628 nihil

407 2663 506 2731 debet
530 2678 612 2729 esset
637 2664 870 2742 absconditum,
896 2665 998 2728 sedai
1022 2665 1091 2729 fieri
1113 2679 1231 2749 posset,
1253 2669 1363 2730 oculos

407 2767 441 2830 iu
466 2778 597 2851 pectora
615 2790 672 2831 sua
694 2767 825 2831 invicem
852 2781 966 2831 mutuo
987 2766 1158 2831 transferre
1179 2781 1364 2852 conspectu.

409 2869 531 2933 Nullus
552 2867 635 2932 euim
659 2867 758 2948 locus,
778 2867 948 2932 actitandis
968 2867 1118 2943 consiliis,
1132 2880 1189 2931 aut
1205 2871 1260 2931 vix
1277 2868 1363 2931 ullus

406 2966 546 3054 ineptior
561 2980 618 3032 est.
665 2967 831 3052 Siquidem
847 2967 944 3030 verba
966 2980 1086 3030 secreta
1107 2969 1208 3031 solent
1223 2967 1363 3031 assiden-

407 3071 496 3136 tibus
510 3068 648 3133 exclusis
662 3091 728 3132 esse
739 3068 879 3132 molesta.
927 3069 1010 3131 Nam
1025 3069 1095 3154 ipsa
1109 3067 1249 3132 exclusio
1265 3068 1361 3132 habet

407 3170 579 3256 imaginem
605 3169 800 3234 diffidentiae.
847 3169 909 3233 Sed
941 3184 973 3234 et
1002 3170 1033 3233 in
1063 3170 1123 3245 his,
1152 3193 1226 3255 quoe
1255 3168 1359 3255 palam

407 3270 569 3351 dicentur,
591 3271 728 3336 fideliter
750 3269 972 3356 exequendum
996 3271 1068 3347 erit,
1090 3270 1177 3356 quod
1201 3270 1233 3332 in
1257 3269 1362 3355 primo

406 3373 491 3439 libro
516 3373 557 3438 de
583 3373 728 3455 analogia
757 3372 883 3458 scripsit
914 3373 951 3436 C.
979 3371 1137 3435 Claudius
1164 3372 1282 3447 Caesar,
1310 3371 1359 3436 vir

406 3475 592 3540 excellentis
605 3475 735 3558 ingenii,
752 3497 938 3559 magnaeque
954 3474 1143 3559 prudentiae.
1179 3473 1238 3537 Ait
1253 3473 1359 3538 enim:

409 3579 581 3664 Tanquam
605 3575 771 3663 scopulum
798 3592 906 3640 nautae
932 3576 1074 3662 fugiunt,
1099 3576 1142 3640 sic
1168 3575 1358 3660 fugiendum

407 3693 456 3745 est
480 3679 664 3764 infrequens
688 3691 786 3762 atque
812 3676 950 3740 insolens
971 3677 1113 3742 verbum.
1159 3678 1205 3742 Et
1226 3677 1358 3764 quidem

408 3801 575 3844 numerum
601 3779 806 3842 convivarum
831 3790 1052 3863 expresserunt
1077 3777 1214 3864 antiqui,
1239 3791 1276 3842 ut
1302 3801 1359 3842 nec

407 3883 574 3968 pauciores
595 3895 711 3958 esseut,
727 3904 824 3967 quarn
847 3882 970 3965 gratiae,
985 3904 1059 3968 quae
1081 3883 1277 3947 clauduntur
1299 3896 1359 3947 ter-

407 3985 508 4060 nario,
525 4006 583 4049 nec
599 3984 708 4070 plures
729 4006 824 4068 quam
847 3985 967 4060 Musae,
983 3984 1017 4048 id
1038 3999 1097 4060 est,
1113 4006 1237 4060 novem,
1253 3984 1357 4047 autin

407 4107 542 4162 summa,
560 4085 745 4149 Gratiarum
762 4097 795 4148 et
812 4084 982 4148 Musarum
998 4082 1162 4168 explerent
1177 4103 1357 4157 numerum,

406 4187 447 4251 ad
463 4186 694 4253 duodenarium
716 4186 932 4249 ascendentes.
979 4186 1129 4249 Obtinuit
1152 4199 1254 4248 tamen
1271 4182 1358 4266 apud

407 4311 459 4352 eos
482 4289 538 4374 qni
564 4288 681 4352 rectius
702 4288 881 4365 intuentur,
903 4301 939 4349 ut
961 4285 991 4348 in
1014 4285 1062 4348 nis
1083 4284 1221 4347 officium
1245 4282 1362 4367 patris.

405 4391 541 4454 familias
557 4389 706 4454 latissime
721 4399 838 4472 pateat.
