3550 5467
404 721 472 767 cta.
489 704 528 782 a]
751 718 1003 765 ronrouarrcos.
1314 706 1356 768 aa

403 874 554 938 habuisse
582 865 725 958 quinque
750 895 851 938 rerum
877 874 1035 937 bonarum
1060 873 1202 938 maxima
1224 885 1255 940 et
1277 898 1359 961 prar-

404 978 514 1061 cipun:
541 976 628 1062 quod
640 986 724 1040 esset
735 974 922 1051 ditissimus,
933 974 1019 1060 quod
1031 975 1260 1054 nobilissimus,
1270 977 1358 1063 quod

404 1079 698 1162 eloquentissimus,
733 1078 819 1162 quod
851 1076 936 1162 juris
971 1078 1239 1158 consultissimus,
1272 1080 1360 1165 quod

404 1179 550 1261 pontifex
572 1179 740 1241 maximus.
786 1179 819 1240 Is
842 1198 940 1261 quum
956 1177 991 1240 in
1012 1179 1179 1241 consulatu
1201 1179 1362 1245 obtineret

405 1282 512 1343 Asiam
536 1282 746 1363 provinciam,
761 1290 794 1343 et
810 1279 1037 1344 circumsidere
1053 1292 1148 1363 atque
1171 1301 1360 1364 oppugnare

405 1383 531 1446 Leucas
551 1394 687 1466 pararet,
701 1404 845 1466 opusque
863 1396 949 1446 esset
969 1403 1092 1445 summa
1113 1399 1209 1465 atque
1229 1403 1363 1466 procera

406 1484 504 1558 trabe,
527 1504 593 1565 qua
618 1484 749 1545 arietem
764 1482 919 1556 facerent,
937 1503 1002 1566 quo
1026 1483 1104 1545 muri
1129 1481 1362 1565 oppidanorum

407 1593 621 1667 quaterentur,
648 1583 777 1665 scripsit
807 1582 849 1645 ad
875 1583 1033 1662 Magnum
1059 1584 1176 1646 Gaium
1212 1583 1363 1666 majorem

407 1684 652 1747 Atheniensium
690 1683 848 1745 sociorum
883 1683 1120 1764 amicorumque
1157 1683 1267 1765 populi
1297 1684 1362 1746 Ro·

407 1786 553 1860 mani,ut
569 1805 610 1845 ex
627 1784 718 1845 malis
735 1781 872 1855 duobus,
882 1803 965 1865 quos
979 1782 1064 1865 apud
1081 1803 1136 1845 eos
1150 1781 1282 1860 viderat,
1297 1795 1366 1847 uter

408 1886 512 1969 major
537 1896 623 1947 esset
652 1885 681 1946 ei
711 1884 835 1946 mittere
864 1895 1056 1966 procuraret.
1102 1884 1194 1948 Tunc
1225 1886 1365 1969 Magnus

410 1987 513 2050 Gaius
530 1998 693 2070 comperto
710 1984 917 2068 quamobrem
933 1986 1052 2047 malum
1069 1984 1290 2062 desiderasset,
1299 2008 1364 2049 non

410 2093 458 2156 uti
467 2093 606 2174 jusserat
620 2090 782 2174 majorem,
798 2087 854 2151 sed
877 2109 973 2173 quem
996 2089 1097 2169 magis
1116 2110 1186 2152 esse
1201 2089 1364 2170 idoneum,

412 2195 629 2279 aptioremque
658 2189 806 2254 faciendo
836 2190 936 2267 arieti,
965 2189 1204 2273 facilioremque
1238 2203 1365 2276 portatu

413 2295 627 2371 existimabat,
656 2293 811 2355 minorem
841 2291 937 2354 misit.
991 2291 1126 2355 Crassus
1155 2315 1229 2356 eum
1259 2296 1365 2359 vocari

408 2399 516 2483 jussit,
537 2407 569 2459 et
584 2416 682 2480 quum
704 2395 941 2475 interrogasset,
957 2414 1014 2456 cur
1029 2415 1093 2457 non
1109 2416 1203 2478 quem
1215 2396 1368 2481 jusserat,

413 2500 561 2576 misisset,
581 2499 685 2561 causis
706 2496 957 2579 rationibusque,
972 2516 1051 2579 quas
1073 2495 1226 2575 dictabat,
1241 2501 1367 2582 spretis,

413 2603 599 2665 vestimenta
620 2598 742 2662 detrahi
763 2596 872 2680 jussit,
895 2597 1054 2681 virgisque
1076 2599 1210 2660 multum
1239 2601 1368 2679 cecidit,

414 2704 571 2785 corrumpi
595 2714 689 2784 atque
714 2699 845 2763 dissolri
868 2707 956 2761 ratus
979 2719 1074 2761 omne
1102 2700 1240 2762 officium
1267 2702 1368 2785 impe·

413 2806 524 2882 rantis,
539 2805 564 2865 si
582 2804 652 2885 quis
669 2802 708 2865 ad
725 2801 757 2864 id
773 2799 862 2884 quod
878 2800 982 2862 facere
993 2798 1103 2882 jussus
1119 2808 1177 2878 est,
1191 2822 1257 2863 non
1274 2803 1367 2866 obse·

416 2910 490 2993 quio
506 2908 626 2984 debito,
641 2905 696 2967 sed
714 2903 849 2966 consilio
870 2922 936 2964 non
960 2900 1140 2964 desiderato
1163 2904 1369 2985 responderit.

416 3010 504 3083 Quid
529 3029 638 3091 quaeso
659 3005 796 3088 amplius
817 3005 849 3065 in
874 3003 1065 3066 monachum
1088 3005 1230 3068 arctioris
1250 3009 1370 3088 regulae

416 3112 571 3174 dictasset
597 3110 698 3169 abbas
723 3103 873 3168 severus?
913 3106 953 3166 In
975 3125 1014 3165 eo
1037 3125 1176 3188 natuque
1200 3108 1269 3169 solo
1292 3108 1372 3171 deli·

418 3223 540 3296 querat,
557 3207 643 3291 quod
664 3228 728 3269 non
749 3215 896 3297 paruerat
918 3202 1081 3280 mandato,
1095 3205 1155 3267 etsi
1176 3206 1255 3270 sorte
1269 3209 1375 3292 reipsa

418 3313 530 3376 utilius
552 3320 636 3372 esset
659 3306 744 3391 quod
766 3304 850 3367 iecit·
898 3304 982 3366 Nam
998 3303 1081 3367 sicut
1097 3305 1128 3367 in
1146 3305 1299 3389 religione
1316 3308 1371 3374 de·

418 3415 577 3499 gentibus,
605 3412 803 3494 praelatorum
834 3405 995 3484 mandata,
1019 3406 1095 3469 dum
1122 3410 1369 3494 praeceptionem

418 3528 604 3603 perpetuam
627 3534 693 3575 non
716 3511 957 3593 impugnares
978 3509 1131 3593 subjectis
1154 3532 1219 3574 nou
1244 3527 1370 3598 oportet

419 3619 546 3695 discuti,
562 3617 618 3680 sed
634 3612 776 3698 impleri:
801 3613 846 3676 sic
862 3612 895 3674 in
913 3633 945 3674 re
961 3612 1097 3692 militari,
1114 3614 1198 3678 circa
1220 3617 1371 3685 mandata

420 3721 522 3797 ducis,
537 3718 689 3811 nullaest
705 3712 903 3778 examinatio
925 3713 1079 3791 militaris,
1094 3715 1157 3777 nisi
1179 3716 1259 3780 sorte
1281 3721 1369 3804 quod

420 3824 613 3910 praecipitur,
642 3817 818 3902 expressim
852 3816 947 3879 saluti
977 3817 1163 3901 reipublicae
1192 3821 1371 3889 inveniatur

423 3926 600 3990 adversum.
645 3923 729 3984 Nam
745 3920 778 3982 in
794 3920 833 3981 eo
849 3940 915 3980 nou
932 3920 1131 4003 obtemperat
1151 3921 1213 3986 nisi
1229 3926 1371 4006 perfidus

422 4041 454 4091 et
468 4026 586 4109 impius
601 4022 703 4087 miles.
750 4017 837 4092 Quid
860 4018 946 4080 enirn
969 4018 1121 4103 iniquius,
1136 4020 1214 4103 quid
1233 4021 1371 4089 detesta.

422 4131 531 4204 bilius,
555 4147 650 4211 quarn
673 4125 740 4187 sine
764 4120 839 4184 fidei
863 4121 1038 4183 reverentia
1061 4122 1190 4204 aggredi
1216 4125 1371 4207 quicquid

422 4231 590 4296 dictaverit
614 4221 808 4311 imperator?
848 4224 965 4286 Nonne
989 4223 1075 4306 apud
1102 4243 1213 4284 omnes
1237 4244 1300 4283 rox
1326 4225 1371 4285 su-

423 4347 512 4399 nesta
527 4345 585 4410 est,
600 4341 631 4393 et
646 4325 793 4404 crudelis,
809 4324 968 4408 plenaque
983 4323 1136 4405 pertidiae,
