3550 5467
291 761 367 805 car.
384 741 474 820 xm]
641 757 895 802 maronaricos.
1192 742 1253 800 827

294 933 365 975 esse
391 907 604 995 philosophiae
628 929 751 992 expers.
796 905 859 970 His
883 906 1010 970 videtur
1037 909 1169 972 Orosius
1196 933 1256 993 pro

298 1024 392 1098 parte
404 1012 592 1075 consentire.
638 1010 745 1086 Quum
758 1007 840 1072 enim
856 1010 890 1072 in
903 1013 1046 1094 AEgypto
1057 1032 1256 1095 magnapars

297 1113 437 1177 militum
465 1112 534 1197 ejus
560 1109 734 1186 cecidisset,
756 1121 787 1172 et
810 1108 889 1193 ipse,
913 1109 994 1173 sicut
1022 1106 1168 1174 Lucanus
1191 1133 1255 1174 me-

298 1213 404 1293 minit,
438 1225 606 1295 cogeretur
642 1209 795 1295 respicere
835 1210 978 1286 Scevam,
1009 1211 1065 1293 qui
1100 1211 1253 1296 singulari

299 1314 423 1377 virtute
436 1315 578 1376 eminens
591 1311 675 1390 inter
692 1310 898 1389 Caesarianos,
912 1310 1049 1388 obsedit,

531 1426 617 1479 Muris
629 1425 772 1478 odcantem
783 1426 880 1477 moenia
893 1425 1030 1492 Magnum,

301 1529 516 1594 insistentium
536 1524 766 1613 AEgyptiorum
783 1526 813 1588 vi
830 1547 957 1611 pressus
973 1527 1092 1605 Caesar,
1106 1527 1256 1613 scapham

300 1628 457 1704 ascendit,
479 1650 546 1713 qua
572 1650 646 1691 mox
672 1627 813 1713 pondere
839 1627 1040 1713 sequentium
1067 1642 1199 1713 gravata
1225 1640 1256 1692 et

301 1751 415 1802 mersa,
431 1750 488 1815 per
504 1727 656 1792 ducentos
671 1750 783 1812 passus
798 1728 839 1790 ad
855 1749 967 1792 navem
982 1750 1045 1791 una
1056 1751 1151 1791 manu
1164 1733 1257 1806 elata,

302 1852 368 1914 qua
388 1829 515 1892 chartas
540 1829 678 1903 tenebat,
698 1827 838 1892 natando
863 1828 1016 1914 pervenit.
1063 1829 1127 1892 Hic
1151 1841 1256 1892 tamen

302 1932 380 2015 quia
394 1928 620 2014 rempublicam
636 1929 733 1992 armis
747 1941 970 2014 occupaverat,
992 1942 1148 2014 tyrannus
1163 1951 1258 2014 repu-

305 2037 461 2108 tatusest,
471 2042 504 2092 et
514 2050 630 2115 magna
645 2041 736 2114 parte
754 2029 888 2093 Senatus
903 2029 1129 2106 consentiente,
1141 2027 1258 2092 strictis

304 2130 501 2215 pugionibus
516 2132 638 2194 occisus
651 2130 684 2193 in
701 2130 870 2217 Capitolio.
912 2130 974 2195 Sed
990 2148 1021 2194 et
1032 2130 1076 2195 ibi
1086 2129 1259 2194 honestatis

304 2253 426 2294 memor
441 2232 558 2296 extitit.
604 2233 652 2296 Ut
668 2232 751 2296 enim
767 2231 991 2297 animadvertit
1013 2255 1045 2296 se
1061 2232 1178 2296 strictis
1198 2253 1258 2317 pu·

301 2332 544 2417 gionibus·'peti,
554 2346 629 2419 toga
643 2348 740 2421 caput
754 2335 907 2413 obvolvit,
922 2335 1017 2401 simul
1027 2334 1152 2401 sinistra
1161 2357 1258 2398 manu

303 2433 406 2498 sinum
423 2432 463 2497 ad
480 2435 543 2498 ima
561 2434 709 2513 deduxit,
724 2459 790 2522 quo
812 2437 978 2501 honestius
997 2436 1134 2500 caderet.
1181 2437 1259 2499 Suc·

305 2557 409 2598 cessor
424 2536 493 2621 ejus
509 2539 682 2618 Augustus
696 2536 896 2599 felicissimus
915 2538 1068 2610 omnium,
1084 2559 1117 2599 se
1137 2538 1198 2600 sub
1212 2537 1259 2600 in·

304 2636 525 2700 terminatione
540 2659 644 2721 poenae
659 2635 823 2701 domiuum
835 2636 1017 2718 prohibitus
1028 2649 1075 2700 est
1086 2636 1257 2722 appellare,

302 2750 335 2801 et
350 2737 591 2820 civemgerens,
608 2734 788 2818 tyrannidis
803 2754 870 2795 rem
892 2734 1076 2811 declinavit,
1093 2749 1125 2800 et
1137 2749 1253 2801 uotam.

304 2837 456 2903 Tiberius
478 2848 585 2898 autem
608 2857 628 2897 a
649 2833 740 2898 Julio
763 2834 888 2911 tertius,
913 2858 1032 2898 veneno
1054 2836 1145 2912 obiit,
1165 2839 1258 2924 cujus

304 2952 408 3004 morte
423 2938 469 3000 ita
491 2937 617 3000 laetatus
636 2948 683 3000 est
703 2935 853 3023 populus,
869 2949 907 3000 ut
929 2948 1044 3001 terram
1065 2951 1210 3017 matrem,
1225 2952 1258 3005 et

281 3039 383 3103 deos
403 3058 511 3099 manes
530 3051 669 3114 orarent,
693 3059 731 3099 ne
751 3048 879 3100 mortuo
899 3036 1004 3100 sedem
1026 3038 1122 3102 ullam
1145 3039 1257 3105 darent

304 3139 365 3203 nisi
395 3139 480 3202 inter
510 3137 632 3222 impios.
678 3140 724 3202 Et
754 3138 826 3203 licet
854 3141 1043 3203 veneficium
1072 3140 1258 3207 detestabile

305 3263 430 3327 semper
451 3239 560 3314 suerit,
577 3262 745 3317 venenum,
762 3262 828 3326 quo
848 3239 902 3302 ille
916 3241 1078 3305 extinctus
1098 3255 1156 3317 est,
1172 3245 1259 3309 orbis

304 3342 428 3407 censuit
445 3364 511 3406 esse
531 3342 637 3407 vitale.
682 3343 817 3428 Signum
839 3344 951 3407 veneni
973 3357 1096 3408 certum
1112 3343 1257 3409 habitum

306 3457 370 3518 est;
394 3443 482 3529 quod
497 3466 552 3507 cor
566 3446 650 3509 inter
670 3467 742 3507 ossa
763 3444 894 3507 cremati
913 3445 1077 3510 inventum
1093 3460 1140 3509 est
1156 3449 1259 3510 incor-

307 3560 450 3632 ruptum.
497 3547 546 3609 Ea
568 3547 651 3609 enim
673 3567 777 3610 rerum
794 3546 973 3611 aestimatur
987 3561 1111 3628 natura,
1126 3561 1162 3613 ut
1179 3550 1258 3614 tinc-

308 3661 376 3710 tum
395 3669 527 3724 veneno,
542 3647 616 3731 igne
630 3645 741 3708 confici
762 3659 909 3732 nequeat.
957 3649 1088 3714 Tertius
1103 3662 1259 3734 tyrannus

310 3750 348 3812 C.
364 3747 523 3833 Caligula,
539 3749 661 3812 occisus
676 3761 722 3811 est
743 3771 762 3810 a
782 3747 963 3814 domesticis
983 3750 1059 3814 suis.
1107 3754 1259 3818 Tiberius

308 3849 474 3925 Claudius,
496 3851 630 3937 quintus
645 3873 664 3913 a
682 3849 783 3929 lulio,
797 3850 856 3916 etsi
877 3851 1076 3937 tyrannidem
1097 3854 1258 3931 vitaverit,

308 3951 493 4028 manifestis,
510 3964 545 4016 ut
565 3954 645 4015 alter
666 3951 828 4033 Tiberius,
850 3955 961 4016 veneni
983 3954 1082 4038 signis
1098 3956 1260 4019 extinctus

307 4065 365 4116 est.
403 4057 445 4118 At
462 4054 548 4116 Nero
563 4067 683 4131 sextus,
699 4076 719 4116 a
738 4055 761 4115 J
765 4053 840 4129 ulio,
856 4058 997 4118 omnium
1014 4055 1259 4118 immanissimus
1318 4122 1320 4127 ,

309 4170 340 4219 et
363 4155 545 4233 vilissimus,
557 4156 643 4219 hune
665 4156 785 4219 exitum
810 4153 933 4218 habuit.
978 4159 1151 4237 Postquam
1174 4155 1259 4220 enim

309 4257 511 4323 deformitate
538 4269 679 4321 veterum
709 4254 895 4330 officiorum,
917 4268 950 4318 et
976 4253 1133 4338 angustiis
1158 4253 1260 4320 flexu-

310 4362 417 4446 risque
435 4361 559 4425 viarum
580 4360 729 4433 offensus,
746 4370 783 4421 ut
804 4355 993 4441 praedictum
1010 4368 1067 4428 est,
1086 4357 1195 4420 urbem
1212 4357 1257 4422 in-
