3550 5467
412 732 477 791 270
674 742 811 788 sossius
827 738 1112 785 manseramusrs
1209 720 1291 800 [arn.
1304 740 1365 785 rm.

413 894 626 983 pulcherrima
648 891 793 969 muliere,
815 892 919 977 primo
935 889 1029 977 quasi
1053 889 1201 974 quodam
1226 904 1365 964 monstro,

412 998 608 1082 infernisque
622 993 817 1076 imaginibus
828 993 979 1057 turbatus
994 991 1156 1057 subsistit.
1182 991 1307 1055 Deinde
1318 993 1365 1057 ubi

412 1114 443 1164 ct
459 1119 575 1184 corpus
586 1095 722 1182 jacentis
736 1094 875 1179 aspexit,
890 1107 922 1158 et
944 1091 1130 1177 lachrymas
1150 1093 1365 1174 consideravit,

412 1201 589 1286 faciemque
611 1198 774 1282 unguibus
796 1209 925 1273 sectam,
947 1208 1037 1259 ratus
1059 1194 1200 1275 scilicet,
1222 1196 1257 1260 id
1285 1195 1364 1281 quod

412 1317 490 1379 erat,
520 1300 712 1365 desiderium
742 1297 874 1363 extincti
897 1298 1047 1361 feminam
1080 1298 1151 1383 pati
1177 1320 1242 1361 non
1272 1321 1364 1383 posse,

411 1403 520 1469 attulit
550 1403 582 1466 in
612 1413 853 1465 monumentum
883 1398 1041 1463 coenulam
1073 1421 1181 1474 suam,
1211 1400 1363 1486 coepitque

412 1505 533 1569 hortari
559 1504 735 1589 lugentem,
761 1523 801 1564 ne
822 1512 1040 1587 perseveraret
1067 1499 1101 1561 in
1125 1499 1242 1564 dolore
1265 1523 1364 1587 super·

413 1628 527 1683 vacuo,
550 1628 587 1669 ac
611 1603 690 1667 nihil
712 1601 881 1689 profuturo
907 1600 1029 1684 gemitu
1057 1614 1176 1686 pectus
1196 1601 1365 1667 diduceret.

414 1704 566 1771 Omnium
590 1703 699 1767 eadem
731 1726 809 1780 esse,
834 1701 952 1767 scilicet
978 1701 1064 1765 idem
1096 1701 1310 1778 domicilium,
1335 1719 1364 1769 et

412 1820 538 1882 caetera,
561 1804 679 1891 quibus
700 1803 891 1867 exulceratae
921 1813 1042 1866 mentes
1063 1802 1107 1866 ad
1130 1803 1300 1868 sanitatem
1322 1828 1362 1869 ru·

414 1922 578 1973 vocantur.
626 1913 666 1972 At
682 1906 735 1970 illa
750 1906 860 1991 ignota
880 1904 1095 1970 consolatione
1110 1927 1277 1992 percussa,
1290 1907 1364 1972 hce-

414 2011 497 2074 ravit
527 2008 743 2073 vehementius
777 2022 900 2095 pectus,
928 2022 1103 2094 raptosque
1133 2009 1239 2073 crinea
1274 2032 1364 2096 auper

413 2124 525 2196 pectus
544 2111 680 2196 jacentis
695 2110 856 2195 imposuit.
902 2110 973 2173 Non
995 2108 1122 2174 recessit
1146 2123 1254 2174 tamen
1271 2111 1364 2188 miles,

412 2210 1364 2292 aedeademexhortationetentavitdarcmulierculaecibutn,

411 2313 512 2376 donec
532 2310 648 2375 ancilla
670 2311 759 2374 humi
785 2316 921 2390 (certum
945 2313 1059 2392 habeo)
1084 2313 1187 2378 odora
1208 2331 1363 2402 corrupta,

411 2413 548 2500 primum
563 2415 634 2498 ipsa
654 2414 797 2498 porrexit
811 2414 851 2478 ad
869 2415 1102 2479 humanitatem
1123 2415 1291 2482 invitantis
1305 2422 1363 2484 ric-

413 2530 478 2581 tam
501 2537 643 2580 manum.
689 2515 815 2580 Deinde
846 2518 964 2581 refecta
985 2517 1115 2603 potione
1138 2532 1174 2583 et
1202 2519 1287 2596 cibo,
1315 2542 1364 2584 ea·

411 2639 556 2705 pugnare
569 2617 707 2683 dominae
718 2618 923 2704 pertinaciam
935 2618 1048 2704 coepit:
1071 2633 1104 2684 et
1117 2619 1206 2697 Quid
1216 2621 1364 2707 proderit,

413 2720 530 2808 inquit,
554 2720 612 2785 tibi
634 2720 705 2799 hoc,
727 2721 752 2784 si
776 2720 879 2785 soluta
901 2720 1006 2787 inedia
1028 2721 1142 2799 suerin,
1165 2722 1241 2787 site
1264 2724 1363 2788 viram

413 2823 583 2910 sepelieris,
613 2822 649 2901 si,
678 2836 849 2909 antequam
879 2823 947 2888 iata
976 2838 1119 2910 poscant,
1146 2824 1362 2893 indemnatum

413 2923 562 2989 effuderis
577 2923 724 3010 spiritum
739 2927 752 2986 l

558 3034 591 3086 ld
602 3035 723 3097 cinerem,
735 3041 780 3086 aut
792 3050 881 3086 manea
893 3035 977 3087 credis
988 3053 1078 3088 curare
1089 3036 1228 3107 sepultos?

413 3132 470 3195 Via
496 3145 533 3197 tu
563 3128 760 3206 reviviscere,
786 3128 1020 3194 reluctantibus
1045 3131 1134 3213 latis,
1160 3134 1362 3200 extinctum?

412 3237 470 3300 Vis
489 3234 633 3300 discusso
655 3229 802 3295 muliebri
824 3253 943 3308 errore,
959 3230 1116 3317 quamdiu
1139 3232 1268 3300 licuerit
1290 3235 1364 3300 lucia

411 3336 585 3401 commodis
607 3332 696 3398 frui?
719 3337 831 3418 Ipsum
853 3347 883 3397 te
900 3334 1037 3418 jacentia
1058 3356 1177 3420 corpus
1199 3335 1366 3404 admonere

412 3436 508 3502 debet
539 3450 575 3500 ut
599 3435 697 3498 rivae.
744 3437 847 3498 Nemo
869 3434 990 3499 invitus
1011 3433 1115 3517 audit,
1138 3458 1240 3520 quum
1263 3438 1366 3502 virere

410 3538 547 3621 cogitur,
568 3549 625 3600 aut
648 3557 773 3600 sumere
795 3535 913 3600 cibum.
958 3537 1074 3620 Itaque
1097 3535 1215 3601 mulier
1243 3537 1364 3626 aliquot

410 3637 535 3701 dierum
551 3636 742 3702 abstinentia
757 3639 849 3715 sicca,
866 3659 956 3723 passa
969 3650 1017 3702 est
1032 3637 1137 3721 frangi
1159 3641 1364 3723 pertinaciam

409 3760 509 3802 suam.
544 3741 612 3801 Nec
627 3736 732 3801 minus
743 3738 836 3802 avide
846 3738 980 3825 replerit
995 3762 1028 3805 se
1043 3738 1127 3814 cibo,
1139 3762 1240 3824 quam
1255 3741 1367 3807 ancilla

410 3864 484 3927 quae
499 3838 585 3925 prior
602 3839 684 3901 ricta
698 3852 756 3901 est.
796 3841 957 3905 Caeterum
975 3842 1062 3905 scitis
1076 3841 1158 3927 quid
1174 3842 1363 3932 plerumque

409 3954 531 4008 tentare
545 3936 642 4002 soleat
659 3937 829 4002 humanam
847 3941 1034 4007 satietatem.
1061 3942 1190 4020 Quibus
1201 3944 1363 4011 blanditiis

411 4046 634 4131 impetraverat
658 4039 746 4102 miles
769 4052 806 4103 ut
828 4058 973 4106 matrona
996 4043 1101 4107 rivere
1116 4044 1226 4123 vellet,
1249 4046 1362 4112 eisdem

409 4151 504 4214 etiam
520 4142 706 4231 pudicitiam
729 4145 798 4227 ejus
819 4167 990 4229 aggressus
1011 4161 1069 4211 est.
1115 4151 1186 4213 Nec
1201 4148 1363 4229 deformis,

410 4265 467 4316 aut
481 4245 674 4314 infacundus
685 4245 815 4330 juvenis
836 4261 933 4312 castae
957 4248 1138 4330 videbatur,
1161 4253 1279 4319 ancilla
1293 4276 1362 4340 gra·

408 4353 485 4429 tiam
504 4347 700 4426 conciliante,
715 4369 753 4412 ac
769 4347 905 4412 subinde
921 4349 1058 4426 dicente,
