3550 5467
405 712 466 766 Qtt
652 721 786 766 Joassrs
802 721 1083 767 sanssnnntuusts
1196 702 1284 784 [stu.
1300 723 1361 768 rur.

408 897 469 937 nou
487 872 665 954 impediunt
688 877 850 937 Socratem
871 895 911 935 ue
931 872 1102 958 positivam
1121 875 1286 961 justitiam
1300 897 1362 939 cxc-

408 989 544 1060 quatur:
577 999 596 1036 a
619 974 755 1038 naturali
779 975 983 1060 inquisitione
1002 975 1176 1051 Platonem
1199 999 1262 1040 non
1282 999 1362 1041 revo-

407 1093 491 1151 cant,
502 1079 684 1140 memoriam
699 1100 804 1140 rernm
818 1091 978 1162 gestarum
991 1100 1054 1142 non
1066 1078 1241 1143 excutiunt
1253 1078 1361 1146 Critia.

410 1179 554 1242 Timaeus
566 1201 627 1241 non
642 1181 829 1262 prohibetur
841 1203 951 1243 causas
961 1202 1066 1244 rerum
1080 1180 1229 1244 omnium
1243 1181 1362 1267 aperire,

409 1304 465 1344 nec
491 1281 605 1367 uliquis
630 1305 647 1342 a
674 1303 868 1367 quocunque
895 1281 1023 1345 virtutis
1045 1281 1154 1345 officio
1180 1283 1362 1346 retardatur.

413 1383 472 1447 Hic
488 1406 545 1446 nec
568 1384 738 1457 tristitiam,
755 1407 812 1446 nec
833 1384 956 1448 vultum
983 1383 1132 1448 nubilum
1158 1385 1315 1469 contingit
1334 1387 1362 1448 in

410 1487 501 1550 bonis
513 1486 640 1562 ducere,
650 1510 706 1550 nec
718 1490 868 1552 Crassum
885 1487 988 1563 iilum,
999 1509 1097 1572 quem
1109 1487 1230 1551 Cicero
1245 1502 1362 1552 auctore

412 1588 545 1663 Lucilio,
561 1589 653 1651 semei
671 1588 701 1649 in
718 1591 784 1652 vita
799 1587 904 1651 risisse
919 1586 1041 1663 scribit,
1059 1609 1259 1674 magnopere
1275 1588 1363 1657 aduri·⁴

412 1693 483 1756 rari.
531 1691 659 1755 Adsunt
689 1693 802 1777 utique
832 1690 1024 1777 voluptates,
1052 1690 1108 1755 sed
1141 1715 1218 1778 quae
1245 1692 1361 1756 lascivia

411 1805 547 1857 careant.
580 1793 681 1856 Adest
696 1793 846 1876 gravitas,
859 1792 914 1855 sed
930 1815 1004 1878 quoe
1019 1792 1168 1856 laetitiam
1185 1816 1249 1858 non
1264 1795 1362 1859 exciu-

412 1896 478 1959 dat.
511 1896 640 1960 Habent
653 1910 756 1959 autem
773 1910 804 1959 et
821 1894 889 1958 baec
901 1894 1046 1957 convivia
1061 1917 1138 1960 suas
1154 1896 1363 1982 sumptuarias

411 1996 458 2058 vei
475 1997 610 2060 cibarias
634 1995 733 2081 leges:
766 2020 827 2060 non
851 2009 955 2059 tamen
980 2009 1017 2060 ut
1040 1997 1151 2074 rebus,
1167 1998 1225 2061 sed
1252 2013 1287 2062 ut
1302 2021 1362 2084 per·

410 2100 493 2162 sonis
508 2114 650 2182 parcant.
679 2100 743 2161 Res
759 2101 841 2162 enim
858 2117 1017 2185 quatenus
1033 2099 1171 2176 utititas,
1187 2116 1247 2165 aut
1262 2101 1363 2165 hones-

410 2214 458 2264 tas
473 2201 630 2284 exposcit,
641 2201 805 2264 effundere
821 2224 882 2264 non
900 2216 1059 2265 verentur.
1091 2202 1262 2287 Siquidem
1277 2204 1309 2266 iu
1323 2202 1362 2266 eis

411 2302 453 2364 nii
473 2303 606 2387 sapienti
624 2324 729 2365 carum
747 2318 805 2377 est,
821 2317 938 2387 praeter
955 2327 1059 2367 usum.
1105 2303 1249 2369 Videtur
1263 2320 1361 2370 autem

409 2404 522 2468 beatus
549 2403 768 2488 Hieronymus
793 2404 832 2469 ad
858 2404 1035 2469 custodiam
1061 2407 1256 2486 sobrietatis,
1278 2408 1363 2493 cujus

407 2506 639 2593 jucundissima
655 2522 687 2571 et
710 2507 878 2572 utilissima
890 2511 1038 2594 voluptas
1053 2523 1114 2587 est,
1129 2511 1291 2595 egregiam
1308 2523 1364 2576 sta-

411 2610 509 2675 tuisse
524 2608 674 2675 cibariam
691 2611 801 2694 iegem.
840 2610 893 2674 Ait
909 2633 999 2695 ergo:
1029 2611 1149 2675 Adesse
1165 2611 1263 2677 debet
1278 2612 1364 2688 ratio,

412 2726 448 2775 ut
465 2712 544 2777 tales
559 2727 590 2776 et
603 2729 706 2777 tantas
722 2735 885 2776 sumamus
900 2735 996 2788 escas,
1009 2712 1129 2797 quibus
1145 2736 1209 2777 uon
1222 2728 1364 2779 oneretur

410 2839 538 2900 corpus,
565 2840 621 2880 nec
653 2817 782 2879 libertas
811 2815 925 2878 auimae
955 2830 1199 2901 praegravetur:
1235 2817 1310 2904 quia
1333 2830 1362 2881 et

410 2919 639 2983 comedendum
656 2933 715 2994 est,
731 2932 762 2981 et
783 2917 1066 2992 deambulandum,
1082 2931 1114 2982 et
1130 2919 1363 2996 dormiendum,

410 3034 443 3085 et
462 3022 682 3106 digerendum,
699 3035 730 3083 et
752 3034 861 3105 postea
883 3018 1001 3083 inflatis
1017 3019 1105 3083 venis
1122 3020 1285 3085 incentiva
1299 3021 1364 3086 iibi-

411 3125 496 3189 dinis
512 3125 704 3189 sustinentia.
743 3123 923 3187 Luxuriosa
939 3145 988 3185 res
1003 3136 1051 3186 est
1069 3122 1193 3200 viuum,
1210 3138 1245 3188 et
1258 3137 1364 3189 coutu-

410 3227 539 3292 meiiosa
553 3228 698 3292 ebrietas.
730 3225 841 3290 Omnis
856 3240 961 3290 autem
980 3224 1121 3310 quicum
1139 3224 1191 3291 his
1206 3226 1362 3293 miscetur.

411 3318 473 3395 non
496 3332 555 3395 erit
583 3333 716 3417 sapiens.
763 3331 830 3393 Nec
854 3330 931 3395 tales
953 3329 1146 3413 accipiamus
1168 3330 1268 3410 cibos,
1289 3353 1365 3418 quoa

409 3446 466 3496 aut
481 3430 650 3495 difficulter
674 3431 826 3516 digerere,
842 3443 898 3494 ant
922 3451 1062 3493 comesos
1077 3451 1196 3514 magno
1211 3445 1320 3517 partos
1333 3443 1362 3494 et

410 3532 553 3619 perditos
573 3531 679 3596 labore
703 3533 876 3596 doleamus.
922 3532 1064 3610 Olerum,
1080 3548 1111 3594 et
1133 3554 1314 3617 pomorum,
1329 3554 1363 3596 oc

408 3634 616 3716 leguminum,
632 3649 662 3698 ct
688 3634 810 3698 facilior
833 3648 1006 3721 apparatus
1025 3648 1083 3708 est,
1107 3648 1139 3698 et
1155 3648 1226 3698 arte
1248 3633 1363 3721 impen-

409 3736 534 3821 diisque
549 3758 723 3819 coquorum
745 3759 806 3799 nou
824 3738 958 3822 indiget,
973 3752 1004 3800 et
1025 3737 1091 3799 sine
1107 3759 1186 3801 cura
1209 3750 1362 3803 sustentat

408 3838 583 3901 humanum
611 3858 721 3919 genus.
763 3839 993 3925 Moderateque
1021 3852 1182 3923 sumptus,
1209 3840 1289 3926 quia
1310 3862 1363 3903 nec

408 3939 501 4004 avide
525 3938 708 4014 devoratur,
731 3941 817 4024 quod
843 3942 1040 4006 irritamenta
1060 3940 1147 4026 gulae
1171 3941 1362 4014 nonhabet,

408 4043 516 4108 ieviori
542 4040 719 4125 digestione
743 4043 964 4129 concoquitur.
1010 4044 1113 4105 Nemo
1136 4045 1222 4108 enim
1247 4068 1310 4110 uno
1333 4056 1363 4107 et

409 4149 536 4212 duobus
560 4144 650 4219 cibis,
676 4145 789 4229 bisque
816 4147 944 4220 vilibus,
973 4166 1073 4229 usque
1099 4144 1141 4207 ad
1171 4145 1362 4212 inflationem

410 4251 528 4315 ventris
543 4261 701 4312 oneratur.
734 4252 815 4322 Quae
831 4249 1015 4312 diversitate
1030 4247 1186 4326 carnium,
1198 4262 1231 4314 et
1247 4248 1364 4334 saporis

408 4354 615 4419 delectatione
631 4353 818 4437 concipitur,
831 4376 931 4438 quum
949 4351 1043 4415 variis
1058 4351 1228 4415 nidoribus
1244 4353 1363 4417 fumant
