3550 5467
407 737 467 796 tot
666 746 802 791 toassrs
818 743 1097 790 sanusnsamssrs
1203 727 1286 807 [ms.
1302 742 1353 791 nt.

407 1037 486 1119 Cap.
503 1041 554 1097 20.
580 1036 633 1097 De
656 1034 776 1113 legibus
797 1035 992 1095 sanonum
1013 1035 1222 1116 principum,
1248 1033 1355 1116 quibus

449 1136 589 1198 curiales
611 1143 641 1199 et
664 1134 809 1221 rpficiolec
834 1141 990 1196 arcentur
1013 1135 1054 1196 ob
1077 1136 1253 1199 honoribus
1274 1136 1356 1199 ecclc

448 1240 605 1300 atuaticis:
645 1245 675 1299 et
700 1236 819 1317 quitus
842 1239 994 1317 cremplis
1021 1235 1217 1301 Dotionitrc
1241 1245 1273 1301 et
1294 1239 1356 1301 Att

450 1343 568 1403 ronitoe
584 1342 737 1403 nituntur
752 1339 904 1401 obtinere.

453 1493 519 1556 Αιτ
534 1514 610 1576 ergo
627 1493 807 1575 Imperator
825 1489 847 1550 J
851 1488 1048 1551 ustioianus:
1083 1487 1227 1552 Maxima
1242 1489 1354 1552 suntin

408 1596 556 1658 omnibus
571 1595 655 1658 dona
671 1593 732 1655 Dei
744 1591 784 1654 de
796 1612 934 1675 superna
946 1590 1062 1653 collata
1074 1589 1254 1667 clementia,
1267 1611 1356 1654 sacer-

408 1698 532 1762 dotium
546 1711 577 1762 et
590 1696 757 1783 imperium
771 1719 777 1758 :
802 1692 881 1757 illud
895 1692 1025 1777 quidem
1040 1693 1160 1758 divinis
1172 1695 1356 1771 ministrans,

409 1805 468 1864 hoc
491 1815 596 1865 autem
620 1797 766 1862 humanis
789 1796 973 1883 praesidens,
993 1820 1030 1860 ac
1052 1796 1255 1882 diligentiam
1278 1796 1358 1861 exbi-

409 1901 501 1964 bens:
523 1925 562 1964 ex
575 1899 829 1982 uno‚eodemque
840 1895 995 1981 principio
1005 1912 1141 1981 utraque
1152 1896 1359 1983 procedentis,

408 2003 580 2066 humanam
611 2013 764 2064 exornant
793 1999 900 2061 vitam.
947 1998 1093 2084 Ideoque
1124 1999 1206 2062 nihil
1233 1999 1276 2063 sic
1304 1999 1358 2064 erit

409 2104 590 2168 studiosum
607 2102 866 2189 imperatoribus,
884 2104 966 2164 sicut
983 2099 1186 2165 sacerdotum
1208 2102 1359 2181 honestas,

409 2229 510 2293 quum
523 2206 635 2292 utique
647 2205 772 2290 proillis
781 2204 842 2288 ipsi
853 2225 976 2289 semper
985 2206 1055 2266 Deo
1064 2203 1257 2290 supplicent.
1282 2204 1358 2270 Nam

410 2309 435 2371 si
452 2308 512 2370 hoc
528 2307 655 2393 quidem
673 2305 868 2390 inculpabile
883 2306 936 2382 sit,
948 2305 1092 2389 undique
1106 2319 1139 2369 et
1154 2306 1243 2392 apud
1259 2310 1359 2372 Deum

409 2410 528 2474 fiducia
543 2409 601 2473 erit
624 2408 765 2494 plenum.
812 2409 987 2493 imperium
1003 2423 1112 2473 autem
1127 2423 1214 2473 recte
1228 2424 1261 2474 et
1283 2433 1362 2474 com·

409 2526 555 2599 petenter
570 2525 701 2575 exornet
717 2508 867 2574 traditam
885 2509 945 2572 sibi
962 2511 1204 2596 rempublicam,
1217 2513 1278 2577 crit
1292 2535 1360 2576 cou-

411 2614 555 2678 sonantia
585 2613 732 2701 quaedam
762 2612 858 2687 bona,
885 2633 980 2674 omne
1011 2613 1167 2699 quicquid
1200 2614 1279 2680 utile
1307 2628 1362 2694 est,

335 2775 339 2782 .
411 2717 552 2781 humano
580 2716 743 2781 conferens
782 2714 901 2798 generi.
947 2717 1016 2778 Nos
1055 2714 1155 2801 igitur
1194 2719 1360 2782 maximam

411 2818 565 2884 habemus
590 2816 823 2884 solicitudinem
853 2816 936 2879 circa
961 2837 1035 2878 vera
1062 2817 1122 2880 Dei
1146 2816 1310 2902 dogmata,
1332 2834 1361 2884 et

411 2922 494 2985 circa
510 2921 708 2986 sacerdotum
725 2918 934 2994 honestatem,
951 2941 1046 3005 quam
1064 2919 1125 2983 illis
1143 2920 1361 2986 obtinentibus

411 3025 582 3101 credimus,
599 3027 676 3110 quia
692 3044 747 3106 per
762 3044 799 3084 ea
820 3021 958 3083 maxima
981 3021 1071 3084 nobis
1094 3021 1179 3085 dona
1201 3023 1361 3088 dabuntur

412 3150 431 3190 a
448 3125 529 3204 Deo,
545 3142 577 3191 et
592 3151 630 3190 en
645 3150 719 3213 quae
735 3135 820 3199 suut,
832 3124 923 3187 firma
939 3123 1138 3204 habebimus,
1149 3136 1181 3188 et
1196 3149 1272 3212 quae
1287 3149 1359 3190 non·

412 3228 490 3294 dum
518 3243 685 3305 venerunt,
712 3230 924 3313 acquiremus.
970 3230 1057 3290 Bene
1083 3242 1190 3291 nutem
1220 3229 1362 3293 univero

411 3346 568 3418 geruntur
583 3346 615 3395 et
626 3344 853 3415 competenter,
866 3327 890 3390 si
905 3328 949 3391 rei
964 3329 1156 3415 principium
1173 3331 1229 3396 fiat
1242 3331 1360 3406 decens,

412 3447 444 3497 et
459 3432 593 3496 amabile
610 3435 689 3495 Deo.
737 3432 808 3494 Hoc
824 3446 929 3495 autem
946 3431 1091 3495 futurum
1112 3456 1179 3497 esse
1195 3434 1361 3510 credimus,

412 3535 438 3598 si
455 3546 612 3596 sacratum
634 3531 815 3613 regularum
840 3533 1020 3596 observatio
1042 3534 1255 3616 custodiatur,
1270 3558 1361 3625 quam

408 3636 500 3721 justi,
515 3632 649 3708 laudati,
665 3634 818 3698 adorandi
843 3635 1046 3720 inspectores,
1060 3651 1093 3700 et
1116 3637 1253 3703 ministri
1278 3641 1361 3704 verbi

413 3736 473 3800 Dei
487 3734 689 3799 tradiderunt
700 3735 855 3822 Apostoli,
865 3753 896 3800 et
907 3740 1007 3801 sancti
1018 3750 1124 3822 patres
1135 3740 1362 3819 custodierunt,

412 3849 444 3900 et
459 3836 722 3920 explanaverunt.
769 3837 937 3900 Sancimus
953 3838 1058 3920 igitur,
1074 3854 1198 3903 sanctas
1222 3864 1280 3926 per
1299 3864 1362 3905 om·

413 3940 466 4003 nia
489 3952 656 4022 sequentes
672 3939 808 4024 regulas
826 3940 903 4003 dum
929 3941 1085 4027 quispiam
1112 3944 1257 4028 sequenti
1281 3944 1361 4008 omni

414 4056 569 4126 tempore,
599 4041 638 4104 ad
669 4041 901 4105 ordinationem
932 4044 1135 4129 episcopatus
1164 4046 1363 4131 perducitur,

413 4144 602 4209 considerari
626 4144 715 4229 prius
729 4145 799 4230 ejus
814 4144 909 4207 vitam
936 4145 1110 4208 secundum
1134 4169 1261 4212 sacrum
1278 4153 1362 4234 Apo·

415 4250 543 4323 stolum,
568 4248 593 4310 si
619 4246 761 4324 lronesta,
783 4249 807 4309 si
830 4246 1044 4331 inculpabilis,
1067 4261 1098 4312 et
1123 4248 1269 4336 undique
1290 4251 1361 4313 irre·

415 4348 646 4433 prehensibilis,
663 4349 713 4424 sit,
729 4364 759 4412 et
784 4349 814 4412 in
839 4349 930 4412 bouis
952 4350 1167 4416 testimouium
1192 4354 1320 4429 babeat,
1334 4366 1361 4416 et
