<?xml version="1.0" encoding="UTF-8"?>
<!DOCTYPE html PUBLIC "-//W3C//DTD XHTML 1.0 Transitional//EN"
    "http://www.w3.org/TR/xhtml1/DTD/xhtml1-transitional.dtd">
<html xmlns="http://www.w3.org/1999/xhtml" xml:lang="en" lang="en">
 <head>
  <title>
</title>
<meta http-equiv="Content-Type" content="text/html;charset=utf-8" />
  <meta name='ocr-system' content='tesseract 3.04.00' />
  <meta name='ocr-capabilities' content='ocr_page ocr_carea ocr_par ocr_line ocrx_word'/>
</head>
<body>
  <div class='ocr_page' id='page_1' title='image "./joannissaresber17johngoog_0303.png"; bbox 0 0 3550 5467; ppageno 0'>
   <div class='ocr_carea' id='block_1_1' title="bbox 404 741 1377 820">
    <p class='ocr_par' dir='ltr' id='par_1_1' title="bbox 404 741 1377 820">
     <span class='ocr_line' id='line_1_1' title="bbox 404 741 1377 820; baseline -0.002 -18"><span class='ocrx_word' id='word_1_1' title='bbox 404 757 490 804; x_wconf 80' lang='lat' dir='ltr'>ctr.</span> <span class='ocrx_word' id='word_1_2' title='bbox 507 741 593 820; x_wconf 71' lang='lat' dir='ltr'>nin]</span> <span class='ocrx_word' id='word_1_3' title='bbox 765 756 1020 801; x_wconf 77' lang='lat' dir='ltr'>ronrcnn&#39;rreus.</span> <span class='ocrx_word' id='word_1_4' title='bbox 1315 742 1377 801; x_wconf 73' lang='lat'>993</span> 
     </span>
    </p>
   </div>
   <div class='ocr_carea' id='block_1_2' title="bbox 407 905 1374 1198">
    <p class='ocr_par' dir='ltr' id='par_1_2' title="bbox 407 905 1374 1198">
     <span class='ocr_line' id='line_1_2' title="bbox 409 905 1374 992; baseline -0.005 -20"><span class='ocrx_word' id='word_1_5' title='bbox 409 908 621 975; x_wconf 87' lang='lat' dir='ltr'>manifestius</span> <span class='ocrx_word' id='word_1_6' title='bbox 632 907 756 974; x_wconf 91' lang='lat' dir='ltr'>ostendi</span> <span class='ocrx_word' id='word_1_7' title='bbox 769 907 884 992; x_wconf 89' lang='lat' dir='ltr'>potuit.</span> <span class='ocrx_word' id='word_1_8' title='bbox 915 909 953 971; x_wconf 93' lang='lat' dir='ltr'>ln</span> <span class='ocrx_word' id='word_1_9' title='bbox 967 928 1091 971; x_wconf 89' lang='lat' dir='ltr'>summa</span> <span class='ocrx_word' id='word_1_10' title='bbox 1103 930 1179 992; x_wconf 81' lang='lat' dir='ltr'>ergo</span> <span class='ocrx_word' id='word_1_11' title='bbox 1192 918 1248 970; x_wconf 90' lang='lat' dir='ltr'>aut</span> <span class='ocrx_word' id='word_1_12' title='bbox 1261 905 1374 969; x_wconf 90' lang='lat' dir='ltr'>virtuti</span> 
     </span>
     <span class='ocr_line' id='line_1_3' title="bbox 407 1005 1372 1096; baseline -0.006 -22"><span class='ocrx_word' id='word_1_13' title='bbox 407 1010 626 1076; x_wconf 88' lang='lat' dir='ltr'>insistendum</span> <span class='ocrx_word' id='word_1_14' title='bbox 644 1023 703 1086; x_wconf 85' lang='lat' dir='ltr'>est,</span> <span class='ocrx_word' id='word_1_15' title='bbox 720 1021 777 1073; x_wconf 91' lang='lat' dir='ltr'>ant</span> <span class='ocrx_word' id='word_1_16' title='bbox 797 1008 838 1071; x_wconf 94' lang='lat' dir='ltr'>de</span> <span class='ocrx_word' id='word_1_17' title='bbox 853 1008 955 1092; x_wconf 84' lang='lat' dir='ltr'>gloria</span> <span class='ocrx_word' id='word_1_18' title='bbox 976 1008 1219 1096; x_wconf 85' lang='lat' dir='ltr'>desperandum.</span> <span class='ocrx_word' id='word_1_19' title='bbox 1260 1005 1372 1071; x_wconf 86' lang='lat' dir='ltr'>Gloria</span> 
     </span>
     <span class='ocr_line' id='line_1_4' title="bbox 409 1110 972 1198; baseline -0.007 -21"><span class='ocrx_word' id='word_1_20' title='bbox 409 1111 573 1198; x_wconf 86' lang='lat' dir='ltr'>siquidem</span> <span class='ocrx_word' id='word_1_21' title='bbox 590 1110 721 1177; x_wconf 82' lang='lat' dir='ltr'><strong>aliunde</strong></span> <span class='ocrx_word' id='word_1_22' title='bbox 736 1133 798 1174; x_wconf 93' lang='lat' dir='ltr'>non</span> <span class='ocrx_word' id='word_1_23' title='bbox 815 1113 972 1195; x_wconf 90' lang='lat' dir='ltr'>provenit.</span> 
     </span>
    </p>
   </div>
   <div class='ocr_carea' id='block_1_3' title="bbox 414 1443 1372 1833">
    <p class='ocr_par' dir='ltr' id='par_1_3' title="bbox 414 1443 1372 1833">
     <span class='ocr_line' id='line_1_5' title="bbox 414 1443 1371 1528; baseline 0.002 -23"><span class='ocrx_word' id='word_1_24' title='bbox 414 1443 495 1528; x_wconf 85' lang='lat' dir='ltr'>Cap.</span> <span class='ocrx_word' id='word_1_25' title='bbox 516 1448 566 1507; x_wconf 82' lang='lat' dir='ltr'>tt.</span> <span class='ocrx_word' id='word_1_26' title='bbox 592 1446 684 1519; x_wconf 85' lang='lat' dir='ltr'>Quod</span> <span class='ocrx_word' id='word_1_27' title='bbox 698 1445 785 1507; x_wconf 77' lang='lat' dir='ltr'>atttt</span> <span class='ocrx_word' id='word_1_28' title='bbox 795 1446 840 1507; x_wconf 83' lang='lat' dir='ltr'>ad</span> <span class='ocrx_word' id='word_1_29' title='bbox 850 1448 986 1526; x_wconf 71' lang='lat' dir='ltr'>pieriam</span> <span class='ocrx_word' id='word_1_30' title='bbox 993 1447 1203 1526; x_wconf 77' lang='lat' dir='ltr'>fructuosius</span> <span class='ocrx_word' id='word_1_31' title='bbox 1217 1452 1261 1508; x_wconf 76' lang='lat' dir='ltr'>est</span> <span class='ocrx_word' id='word_1_32' title='bbox 1276 1444 1371 1507; x_wconf 86' lang='lat' dir='ltr'>laude</span> 
     </span>
     <span class='ocr_line' id='line_1_6' title="bbox 458 1547 1372 1629; baseline 0 -21"><span class='ocrx_word' id='word_1_33' title='bbox 458 1547 612 1627; x_wconf 82' lang='lat' dir='ltr'>etsatore</span> <span class='ocrx_word' id='word_1_34' title='bbox 625 1547 789 1622; x_wconf 85' lang='lat' dir='ltr'>bonorum,</span> <span class='ocrx_word' id='word_1_35' title='bbox 805 1553 836 1609; x_wconf 85' lang='lat' dir='ltr'>et</span> <span class='ocrx_word' id='word_1_36' title='bbox 851 1549 989 1610; x_wconf 70' lang='lat' dir='ltr'>manime</span> <span class='ocrx_word' id='word_1_37' title='bbox 1007 1550 1217 1629; x_wconf 80' lang='lat' dir='ltr'>scriptorum:</span> <span class='ocrx_word' id='word_1_38' title='bbox 1242 1554 1273 1610; x_wconf 88' lang='lat' dir='ltr'>et</span> <span class='ocrx_word' id='word_1_39' title='bbox 1287 1547 1372 1627; x_wconf 83' lang='lat' dir='ltr'>quod</span> 
     </span>
     <span class='ocr_line' id='line_1_7' title="bbox 459 1646 1370 1730; baseline -0.001 -22"><span class='ocrx_word' id='word_1_40' title='bbox 459 1651 606 1729; x_wconf 84' lang='lat' dir='ltr'>turpium</span> <span class='ocrx_word' id='word_1_41' title='bbox 613 1649 834 1730; x_wconf 73' lang='lat' dir='ltr'>familiaritas</span> <span class='ocrx_word' id='word_1_42' title='bbox 854 1669 918 1711; x_wconf 82' lang='lat' dir='ltr'>aaa</span> <span class='ocrx_word' id='word_1_43' title='bbox 935 1657 1001 1711; x_wconf 86' lang='lat' dir='ltr'>tam</span> <span class='ocrx_word' id='word_1_44' title='bbox 1014 1649 1142 1730; x_wconf 85' lang='lat' dir='ltr'>prodest</span> <span class='ocrx_word' id='word_1_45' title='bbox 1156 1668 1251 1728; x_wconf 85' lang='lat' dir='ltr'>quam</span> <span class='ocrx_word' id='word_1_46' title='bbox 1268 1646 1370 1709; x_wconf 81' lang='lat' dir='ltr'>obest:</span> 
     </span>
     <span class='ocr_line' id='line_1_8' title="bbox 459 1751 1348 1833; baseline -0.003 -22"><span class='ocrx_word' id='word_1_47' title='bbox 459 1755 492 1811; x_wconf 86' lang='lat' dir='ltr'>et</span> <span class='ocrx_word' id='word_1_48' title='bbox 505 1752 592 1830; x_wconf 78' lang='lat' dir='ltr'>quod</span> <span class='ocrx_word' id='word_1_49' title='bbox 607 1771 672 1814; x_wconf 82' lang='lat' dir='ltr'>uno</span> <span class='ocrx_word' id='word_1_50' title='bbox 687 1751 848 1833; x_wconf 85' lang='lat' dir='ltr'>benefacto</span> <span class='ocrx_word' id='word_1_51' title='bbox 861 1753 912 1812; x_wconf 77' lang='lat' dir='ltr'>vet</span> <span class='ocrx_word' id='word_1_52' title='bbox 927 1752 1010 1812; x_wconf 86' lang='lat' dir='ltr'>dicto</span> <span class='ocrx_word' id='word_1_53' title='bbox 1022 1752 1124 1832; x_wconf 74' lang='lat' dir='ltr'>plotio</span> <span class='ocrx_word' id='word_1_54' title='bbox 1139 1757 1348 1832; x_wconf 74' lang='lat' dir='ltr'>propapatur.</span> 
     </span>
    </p>
   </div>
   <div class='ocr_carea' id='block_1_4' title="bbox 414 1922 1389 4450">
    <p class='ocr_par' dir='ltr' id='par_1_4' title="bbox 414 1922 1389 4450">
     <span class='ocr_line' id='line_1_9' title="bbox 462 1922 1373 2008; baseline -0.003 -23"><span class='ocrx_word' id='word_1_55' title='bbox 462 1923 634 1987; x_wconf 80' lang='lat' dir='ltr'>Iurnnnsr</span> <span class='ocrx_word' id='word_1_56' title='bbox 652 1946 725 1987; x_wconf 89' lang='lat' dir='ltr'>sane</span> <span class='ocrx_word' id='word_1_57' title='bbox 748 1924 831 1987; x_wconf 86' lang='lat' dir='ltr'>inter</span> <span class='ocrx_word' id='word_1_58' title='bbox 853 1923 1061 2008; x_wconf 77' lang='lat' dir='ltr'>cupiditatem</span> <span class='ocrx_word' id='word_1_59' title='bbox 1085 1922 1194 2007; x_wconf 74' lang='lat' dir='ltr'>gloria</span> <span class='ocrx_word' id='word_1_60' title='bbox 1213 1922 1373 2000; x_wconf 80' lang='lat' dir='ltr'>hnmanae,</span> 
     </span>
     <span class='ocr_line' id='line_1_10' title="bbox 416 2024 1371 2112; baseline -0.001 -26"><span class='ocrx_word' id='word_1_61' title='bbox 416 2037 449 2088; x_wconf 92' lang='lat' dir='ltr'>et</span> <span class='ocrx_word' id='word_1_62' title='bbox 464 2024 652 2110; x_wconf 77' lang='lat' dir='ltr'>cupiditatis</span> <span class='ocrx_word' id='word_1_63' title='bbox 674 2026 828 2089; x_wconf 90' lang='lat' dir='ltr'>ardorem.</span> <span class='ocrx_word' id='word_1_64' title='bbox 875 2027 958 2088; x_wconf 92' lang='lat' dir='ltr'>Nam</span> <span class='ocrx_word' id='word_1_65' title='bbox 975 2027 1048 2091; x_wconf 91' lang='lat' dir='ltr'>licet</span> <span class='ocrx_word' id='word_1_66' title='bbox 1070 2025 1224 2112; x_wconf 88' lang='lat' dir='ltr'>proclives</span> <span class='ocrx_word' id='word_1_67' title='bbox 1246 2024 1320 2100; x_wconf 89' lang='lat' dir='ltr'>sint,</span> <span class='ocrx_word' id='word_1_68' title='bbox 1337 2034 1371 2086; x_wconf 86' lang='lat' dir='ltr'>nt</span> 
     </span>
     <span class='ocr_line' id='line_1_11' title="bbox 418 2124 1373 2211; baseline -0.002 -23"><span class='ocrx_word' id='word_1_69' title='bbox 418 2124 474 2210; x_wconf 92' lang='lat' dir='ltr'>qui</span> <span class='ocrx_word' id='word_1_70' title='bbox 490 2125 631 2190; x_wconf 86' lang='lat' dir='ltr'>hnmana</span> <span class='ocrx_word' id='word_1_71' title='bbox 642 2128 744 2211; x_wconf 85' lang='lat' dir='ltr'>gloria</span> <span class='ocrx_word' id='word_1_72' title='bbox 756 2128 888 2190; x_wconf 90' lang='lat' dir='ltr'>nimium</span> <span class='ocrx_word' id='word_1_73' title='bbox 901 2128 1111 2204; x_wconf 90' lang='lat' dir='ltr'>delectantur,</span> <span class='ocrx_word' id='word_1_74' title='bbox 1122 2128 1216 2192; x_wconf 90' lang='lat' dir='ltr'>etiam</span> <span class='ocrx_word' id='word_1_75' title='bbox 1229 2127 1373 2190; x_wconf 88' lang='lat' dir='ltr'>damnari</span> 
     </span>
     <span class='ocr_line' id='line_1_12' title="bbox 417 2226 1374 2315; baseline 0.001 -27"><span class='ocrx_word' id='word_1_76' title='bbox 417 2226 567 2292; x_wconf 82' lang='lat' dir='ltr'>ardenter</span> <span class='ocrx_word' id='word_1_77' title='bbox 587 2228 752 2294; x_wconf 85' lang='lat' dir='ltr'>affectent:</span> <span class='ocrx_word' id='word_1_78' title='bbox 786 2243 889 2293; x_wconf 87' lang='lat' dir='ltr'>tamen</span> <span class='ocrx_word' id='word_1_79' title='bbox 912 2231 967 2315; x_wconf 89' lang='lat' dir='ltr'>qui</span> <span class='ocrx_word' id='word_1_80' title='bbox 990 2253 1106 2311; x_wconf 89' lang='lat' dir='ltr'>veram,</span> <span class='ocrx_word' id='word_1_81' title='bbox 1124 2231 1196 2294; x_wconf 90' lang='lat' dir='ltr'>licet</span> <span class='ocrx_word' id='word_1_82' title='bbox 1221 2230 1374 2292; x_wconf 88' lang='lat' dir='ltr'>humana·</span> 
     </span>
     <span class='ocr_line' id='line_1_13' title="bbox 418 2329 1374 2418; baseline 0.001 -27"><span class='ocrx_word' id='word_1_83' title='bbox 418 2351 489 2392; x_wconf 88' lang='lat' dir='ltr'>rum</span> <span class='ocrx_word' id='word_1_84' title='bbox 506 2329 654 2408; x_wconf 89' lang='lat' dir='ltr'>laudum,</span> <span class='ocrx_word' id='word_1_85' title='bbox 667 2331 797 2414; x_wconf 82' lang='lat' dir='ltr'>gloriam</span> <span class='ocrx_word' id='word_1_86' title='bbox 814 2331 1050 2417; x_wconf 86' lang='lat' dir='ltr'>concupiscunt,</span> <span class='ocrx_word' id='word_1_87' title='bbox 1062 2332 1140 2395; x_wconf 92' lang='lat' dir='ltr'>dant</span> <span class='ocrx_word' id='word_1_88' title='bbox 1155 2354 1281 2418; x_wconf 85' lang='lat' dir='ltr'>operam</span> <span class='ocrx_word' id='word_1_89' title='bbox 1294 2334 1374 2394; x_wconf 89' lang='lat' dir='ltr'>bene</span> 
     </span>
     <span class='ocr_line' id='line_1_14' title="bbox 414 2431 1371 2518; baseline -0.004 -22"><span class='ocrx_word' id='word_1_90' title='bbox 414 2431 640 2517; x_wconf 89' lang='lat' dir='ltr'>judicantibus</span> <span class='ocrx_word' id='word_1_91' title='bbox 662 2455 723 2495; x_wconf 94' lang='lat' dir='ltr'>non</span> <span class='ocrx_word' id='word_1_92' title='bbox 747 2432 923 2518; x_wconf 87' lang='lat' dir='ltr'>displicere.</span> <span class='ocrx_word' id='word_1_93' title='bbox 963 2434 1074 2498; x_wconf 79' lang='lat' dir='ltr'>Refert</span> <span class='ocrx_word' id='word_1_94' title='bbox 1095 2435 1177 2497; x_wconf 90' lang='lat' dir='ltr'>enim</span> <span class='ocrx_word' id='word_1_95' title='bbox 1197 2434 1371 2518; x_wconf 90' lang='lat' dir='ltr'>plurimum</span> 
     </span>
     <span class='ocr_line' id='line_1_15' title="bbox 418 2532 1373 2620; baseline -0.004 -22"><span class='ocrx_word' id='word_1_96' title='bbox 418 2534 501 2620; x_wconf 92' lang='lat' dir='ltr'>quis,</span> <span class='ocrx_word' id='word_1_97' title='bbox 527 2535 592 2612; x_wconf 90' lang='lat' dir='ltr'>cni,</span> <span class='ocrx_word' id='word_1_98' title='bbox 619 2547 651 2599; x_wconf 88' lang='lat' dir='ltr'>et</span> <span class='ocrx_word' id='word_1_99' title='bbox 678 2534 763 2598; x_wconf 88' lang='lat' dir='ltr'>unde</span> <span class='ocrx_word' id='word_1_100' title='bbox 788 2535 920 2620; x_wconf 87' lang='lat' dir='ltr'>placeas.</span> <span class='ocrx_word' id='word_1_101' title='bbox 960 2537 1028 2598; x_wconf 88' lang='lat' dir='ltr'>Nec</span> <span class='ocrx_word' id='word_1_102' title='bbox 1051 2551 1099 2599; x_wconf 90' lang='lat' dir='ltr'>est</span> <span class='ocrx_word' id='word_1_103' title='bbox 1124 2536 1165 2598; x_wconf 91' lang='lat' dir='ltr'>ab</span> <span class='ocrx_word' id='word_1_104' title='bbox 1188 2559 1225 2597; x_wconf 89' lang='lat' dir='ltr'>co</span> <span class='ocrx_word' id='word_1_105' title='bbox 1248 2532 1373 2596; x_wconf 90' lang='lat' dir='ltr'>laudari</span> 
     </span>
     <span class='ocr_line' id='line_1_16' title="bbox 418 2633 1374 2723; baseline -0.006 -24"><span class='ocrx_word' id='word_1_106' title='bbox 418 2635 607 2720; x_wconf 82' lang='lat' dir='ltr'>gloriosum,</span> <span class='ocrx_word' id='word_1_107' title='bbox 646 2639 739 2723; x_wconf 85' lang='lat' dir='ltr'>cujus</span> <span class='ocrx_word' id='word_1_108' title='bbox 771 2637 970 2701; x_wconf 86' lang='lat' dir='ltr'>familiaritas</span> <span class='ocrx_word' id='word_1_109' title='bbox 1004 2636 1207 2720; x_wconf 81' lang='lat' dir='ltr'>ignominiam</span> <span class='ocrx_word' id='word_1_110' title='bbox 1243 2633 1374 2697; x_wconf 84' lang='lat' dir='ltr'>redolet.</span> 
     </span>
     <span class='ocr_line' id='line_1_17' title="bbox 419 2733 1374 2823; baseline -0.005 -23"><span class='ocrx_word' id='word_1_111' title='bbox 419 2736 509 2801; x_wconf 89' lang='lat' dir='ltr'>Laus</span> <span class='ocrx_word' id='word_1_112' title='bbox 536 2736 631 2802; x_wconf 87' lang='lat' dir='ltr'>unius</span> <span class='ocrx_word' id='word_1_113' title='bbox 657 2737 790 2803; x_wconf 87' lang='lat' dir='ltr'>studiosi</span> <span class='ocrx_word' id='word_1_114' title='bbox 818 2738 928 2801; x_wconf 84' lang='lat' dir='ltr'>multis</span> <span class='ocrx_word' id='word_1_115' title='bbox 954 2737 1099 2823; x_wconf 86' lang='lat' dir='ltr'>profecit,</span> <span class='ocrx_word' id='word_1_116' title='bbox 1125 2750 1155 2801; x_wconf 91' lang='lat' dir='ltr'>et</span> <span class='ocrx_word' id='word_1_117' title='bbox 1184 2735 1307 2800; x_wconf 85' lang='lat' dir='ltr'>suffecit</span> <span class='ocrx_word' id='word_1_118' title='bbox 1334 2733 1374 2795; x_wconf 88' lang='lat' dir='ltr'>ad</span> 
     </span>
     <span class='ocr_line' id='line_1_18' title="bbox 419 2836 1373 2926; baseline -0.006 -24"><span class='ocrx_word' id='word_1_119' title='bbox 419 2839 575 2926; x_wconf 85' lang='lat' dir='ltr'>gloriam:</span> <span class='ocrx_word' id='word_1_120' title='bbox 603 2853 634 2904; x_wconf 90' lang='lat' dir='ltr'>et</span> <span class='ocrx_word' id='word_1_121' title='bbox 655 2841 830 2903; x_wconf 90' lang='lat' dir='ltr'>multorum</span> <span class='ocrx_word' id='word_1_122' title='bbox 852 2862 936 2925; x_wconf 82' lang='lat' dir='ltr'>saepe</span> <span class='ocrx_word' id='word_1_123' title='bbox 954 2839 1194 2912; x_wconf 86' lang='lat' dir='ltr'>commendatio,</span> <span class='ocrx_word' id='word_1_124' title='bbox 1213 2836 1373 2900; x_wconf 88' lang='lat' dir='ltr'>infamiam</span> 
     </span>
     <span class='ocr_line' id='line_1_19' title="bbox 419 2938 1375 3029; baseline -0.003 -24"><span class='ocrx_word' id='word_1_125' title='bbox 419 2943 556 3029; x_wconf 86' lang='lat' dir='ltr'>peperit.</span> <span class='ocrx_word' id='word_1_126' title='bbox 604 2943 643 3005; x_wconf 93' lang='lat' dir='ltr'>ln</span> <span class='ocrx_word' id='word_1_127' title='bbox 661 2941 826 3007; x_wconf 84' lang='lat' dir='ltr'>rhetoricis</span> <span class='ocrx_word' id='word_1_128' title='bbox 846 2942 934 3005; x_wconf 87' lang='lat' dir='ltr'>locus</span> <span class='ocrx_word' id='word_1_129' title='bbox 953 2954 998 3005; x_wconf 91' lang='lat' dir='ltr'>est</span> <span class='ocrx_word' id='word_1_130' title='bbox 1022 2941 1153 3005; x_wconf 86' lang='lat' dir='ltr'>celebris</span> <span class='ocrx_word' id='word_1_131' title='bbox 1175 2963 1193 3002; x_wconf 91' lang='lat' dir='ltr'>a</span> <span class='ocrx_word' id='word_1_132' title='bbox 1216 2938 1375 3014; x_wconf 85' lang='lat' dir='ltr'>convictu,</span> 
     </span>
     <span class='ocr_line' id='line_1_20' title="bbox 420 3039 1376 3129; baseline -0.002 -21"><span class='ocrx_word' id='word_1_133' title='bbox 420 3066 612 3129; x_wconf 88' lang='lat' dir='ltr'>morumque</span> <span class='ocrx_word' id='word_1_134' title='bbox 634 3043 875 3108; x_wconf 89' lang='lat' dir='ltr'>similitudinem</span> <span class='ocrx_word' id='word_1_135' title='bbox 892 3043 1028 3107; x_wconf 89' lang='lat' dir='ltr'>indicat:</span> <span class='ocrx_word' id='word_1_136' title='bbox 1061 3057 1093 3107; x_wconf 93' lang='lat' dir='ltr'>et</span> <span class='ocrx_word' id='word_1_137' title='bbox 1115 3044 1156 3107; x_wconf 89' lang='lat' dir='ltr'>ab</span> <span class='ocrx_word' id='word_1_138' title='bbox 1171 3066 1207 3105; x_wconf 88' lang='lat' dir='ltr'>ea</span> <span class='ocrx_word' id='word_1_139' title='bbox 1229 3039 1376 3106; x_wconf 85' lang='lat' dir='ltr'>amicitiae</span> 
     </span>
     <span class='ocr_line' id='line_1_21' title="bbox 419 3143 1375 3229; baseline -0.004 -19"><span class='ocrx_word' id='word_1_140' title='bbox 419 3160 453 3210; x_wconf 83' lang='lat' dir='ltr'>at</span> <span class='ocrx_word' id='word_1_141' title='bbox 475 3146 759 3210; x_wconf 86' lang='lat' dir='ltr'>commendationis</span> <span class='ocrx_word' id='word_1_142' title='bbox 782 3169 909 3209; x_wconf 87' lang='lat' dir='ltr'>manare</span> <span class='ocrx_word' id='word_1_143' title='bbox 931 3146 1095 3229; x_wconf 79' lang='lat' dir='ltr'>originem,</span> <span class='ocrx_word' id='word_1_144' title='bbox 1120 3168 1204 3229; x_wconf 77' lang='lat' dir='ltr'>saepe</span> <span class='ocrx_word' id='word_1_145' title='bbox 1222 3143 1375 3208; x_wconf 88' lang='lat' dir='ltr'>traditum</span> 
     </span>
     <span class='ocr_line' id='line_1_22' title="bbox 421 3247 1376 3335; baseline -0.003 -22"><span class='ocrx_word' id='word_1_146' title='bbox 421 3261 482 3313; x_wconf 85' lang='lat' dir='ltr'>est.</span> <span class='ocrx_word' id='word_1_147' title='bbox 530 3247 625 3325; x_wconf 92' lang='lat' dir='ltr'>Nolo,</span> <span class='ocrx_word' id='word_1_148' title='bbox 649 3249 753 3335; x_wconf 90' lang='lat' dir='ltr'>inquit</span> <span class='ocrx_word' id='word_1_149' title='bbox 780 3248 916 3334; x_wconf 74' lang='lat' dir='ltr'>sapienS,</span> <span class='ocrx_word' id='word_1_150' title='bbox 940 3249 982 3312; x_wconf 92' lang='lat' dir='ltr'>ab</span> <span class='ocrx_word' id='word_1_151' title='bbox 1006 3249 1056 3311; x_wconf 88' lang='lat' dir='ltr'>his</span> <span class='ocrx_word' id='word_1_152' title='bbox 1077 3247 1214 3325; x_wconf 88' lang='lat' dir='ltr'>laudari,</span> <span class='ocrx_word' id='word_1_153' title='bbox 1239 3268 1376 3331; x_wconf 88' lang='lat' dir='ltr'>quorum</span> 
     </span>
     <span class='ocr_line' id='line_1_23' title="bbox 422 3349 1377 3436; baseline -0.004 -23"><span class='ocrx_word' id='word_1_154' title='bbox 422 3350 494 3415; x_wconf 89' lang='lat' dir='ltr'>laus</span> <span class='ocrx_word' id='word_1_155' title='bbox 504 3350 699 3436; x_wconf 81' lang='lat' dir='ltr'>vituperium</span> <span class='ocrx_word' id='word_1_156' title='bbox 716 3362 775 3428; x_wconf 91' lang='lat' dir='ltr'>est,</span> <span class='ocrx_word' id='word_1_157' title='bbox 787 3372 842 3412; x_wconf 91' lang='lat' dir='ltr'>nec</span> <span class='ocrx_word' id='word_1_158' title='bbox 857 3349 899 3413; x_wconf 91' lang='lat' dir='ltr'>ab</span> <span class='ocrx_word' id='word_1_159' title='bbox 910 3349 959 3412; x_wconf 91' lang='lat' dir='ltr'>his</span> <span class='ocrx_word' id='word_1_160' title='bbox 975 3349 1096 3434; x_wconf 87' lang='lat' dir='ltr'>culpari</span> <span class='ocrx_word' id='word_1_161' title='bbox 1109 3370 1230 3423; x_wconf 89' lang='lat' dir='ltr'>vereor,</span> <span class='ocrx_word' id='word_1_162' title='bbox 1242 3370 1377 3433; x_wconf 91' lang='lat' dir='ltr'>quorum</span> 
     </span>
     <span class='ocr_line' id='line_1_24' title="bbox 421 3449 1379 3536; baseline -0.005 -19"><span class='ocrx_word' id='word_1_163' title='bbox 421 3452 602 3517; x_wconf 85' lang='lat' dir='ltr'>criminatio</span> <span class='ocrx_word' id='word_1_164' title='bbox 613 3454 682 3515; x_wconf 90' lang='lat' dir='ltr'>laus</span> <span class='ocrx_word' id='word_1_165' title='bbox 691 3464 751 3516; x_wconf 87' lang='lat' dir='ltr'>est.</span> <span class='ocrx_word' id='word_1_166' title='bbox 775 3455 885 3525; x_wconf 89' lang='lat' dir='ltr'>Quum</span> <span class='ocrx_word' id='word_1_167' title='bbox 900 3474 977 3536; x_wconf 85' lang='lat' dir='ltr'>ergo</span> <span class='ocrx_word' id='word_1_168' title='bbox 989 3451 1166 3524; x_wconf 90' lang='lat' dir='ltr'>histriones,</span> <span class='ocrx_word' id='word_1_169' title='bbox 1181 3449 1379 3535; x_wconf 88' lang='lat' dir='ltr'>mimi,para-</span> 
     </span>
     <span class='ocr_line' id='line_1_25' title="bbox 424 3550 1379 3639; baseline -0.002 -23"><span class='ocrx_word' id='word_1_170' title='bbox 424 3553 490 3629; x_wconf 85' lang='lat' dir='ltr'>siti,</span> <span class='ocrx_word' id='word_1_171' title='bbox 506 3566 539 3616; x_wconf 89' lang='lat' dir='ltr'>et</span> <span class='ocrx_word' id='word_1_172' title='bbox 556 3553 738 3639; x_wconf 87' lang='lat' dir='ltr'>hujusmodi</span> <span class='ocrx_word' id='word_1_173' title='bbox 755 3550 883 3639; x_wconf 79' lang='lat' dir='ltr'>ineptiae</span> <span class='ocrx_word' id='word_1_174' title='bbox 900 3552 1060 3617; x_wconf 86' lang='lat' dir='ltr'>hominnm</span> <span class='ocrx_word' id='word_1_175' title='bbox 1077 3551 1166 3625; x_wconf 87' lang='lat' dir='ltr'>nihil,</span> <span class='ocrx_word' id='word_1_176' title='bbox 1183 3551 1286 3614; x_wconf 91' lang='lat' dir='ltr'>indice</span> <span class='ocrx_word' id='word_1_177' title='bbox 1303 3551 1379 3627; x_wconf 90' lang='lat' dir='ltr'>vita,</span> 
     </span>
     <span class='ocr_line' id='line_1_26' title="bbox 426 3653 1380 3741; baseline 0 -23"><span class='ocrx_word' id='word_1_178' title='bbox 426 3653 638 3720; x_wconf 87' lang='lat' dir='ltr'>laudabilium</span> <span class='ocrx_word' id='word_1_179' title='bbox 668 3656 816 3741; x_wconf 90' lang='lat' dir='ltr'>probent,</span> <span class='ocrx_word' id='word_1_180' title='bbox 843 3678 946 3717; x_wconf 89' lang='lat' dir='ltr'>nonne</span> <span class='ocrx_word' id='word_1_181' title='bbox 977 3654 1153 3740; x_wconf 71' lang='lat' dir='ltr'>perspicuae</span> <span class='ocrx_word' id='word_1_182' title='bbox 1183 3653 1380 3740; x_wconf 61' lang='lat' dir='ltr'>desipientiae</span> 
     </span>
     <span class='ocr_line' id='line_1_27' title="bbox 426 3755 1381 3843; baseline -0.001 -23"><span class='ocrx_word' id='word_1_183' title='bbox 426 3769 489 3832; x_wconf 86' lang='lat' dir='ltr'>est,</span> <span class='ocrx_word' id='word_1_184' title='bbox 507 3756 648 3835; x_wconf 89' lang='lat' dir='ltr'>illorum,</span> <span class='ocrx_word' id='word_1_185' title='bbox 671 3775 707 3822; x_wconf 90' lang='lat' dir='ltr'>ut</span> <span class='ocrx_word' id='word_1_186' title='bbox 730 3758 802 3843; x_wconf 92' lang='lat' dir='ltr'>quis</span> <span class='ocrx_word' id='word_1_187' title='bbox 824 3755 957 3841; x_wconf 81' lang='lat' dir='ltr'>fulgeat,</span> <span class='ocrx_word' id='word_1_188' title='bbox 977 3756 1129 3842; x_wconf 87' lang='lat' dir='ltr'>aucupari</span> <span class='ocrx_word' id='word_1_189' title='bbox 1153 3756 1303 3829; x_wconf 87' lang='lat' dir='ltr'>favorem,</span> <span class='ocrx_word' id='word_1_190' title='bbox 1324 3757 1381 3840; x_wconf 91' lang='lat' dir='ltr'>qui</span> 
     </span>
     <span class='ocr_line' id='line_1_28' title="bbox 427 3856 1383 3944; baseline -0.001 -23"><span class='ocrx_word' id='word_1_191' title='bbox 427 3857 578 3923; x_wconf 90' lang='lat' dir='ltr'>sordibus</span> <span class='ocrx_word' id='word_1_192' title='bbox 592 3859 687 3923; x_wconf 85' lang='lat' dir='ltr'>obsiti</span> <span class='ocrx_word' id='word_1_193' title='bbox 704 3873 789 3938; x_wconf 92' lang='lat' dir='ltr'>sunt,</span> <span class='ocrx_word' id='word_1_194' title='bbox 803 3872 834 3922; x_wconf 87' lang='lat' dir='ltr'>et</span> <span class='ocrx_word' id='word_1_195' title='bbox 851 3881 986 3943; x_wconf 90' lang='lat' dir='ltr'>qnorum</span> <span class='ocrx_word' id='word_1_196' title='bbox 1008 3859 1111 3943; x_wconf 84' lang='lat' dir='ltr'>gratia</span> <span class='ocrx_word' id='word_1_197' title='bbox 1125 3858 1185 3922; x_wconf 91' lang='lat' dir='ltr'>nisi</span> <span class='ocrx_word' id='word_1_198' title='bbox 1203 3881 1259 3944; x_wconf 90' lang='lat' dir='ltr'>per</span> <span class='ocrx_word' id='word_1_199' title='bbox 1275 3856 1383 3944; x_wconf 90' lang='lat' dir='ltr'>turpia</span> 
     </span>
     <span class='ocr_line' id='line_1_29' title="bbox 427 3960 1382 4047; baseline -0.002 -23"><span class='ocrx_word' id='word_1_200' title='bbox 427 3960 552 4047; x_wconf 83' lang='lat' dir='ltr'>acquiri</span> <span class='ocrx_word' id='word_1_201' title='bbox 574 3982 639 4026; x_wconf 90' lang='lat' dir='ltr'>non</span> <span class='ocrx_word' id='word_1_202' title='bbox 662 3965 789 4047; x_wconf 84' lang='lat' dir='ltr'>potest?</span> <span class='ocrx_word' id='word_1_203' title='bbox 822 3961 1020 4046; x_wconf 89' lang='lat' dir='ltr'>Hujusmodi</span> <span class='ocrx_word' id='word_1_204' title='bbox 1048 3961 1196 4025; x_wconf 88' lang='lat' dir='ltr'>monstris</span> <span class='ocrx_word' id='word_1_205' title='bbox 1218 3961 1382 4024; x_wconf 89' lang='lat' dir='ltr'>hominum</span> 
     </span>
     <span class='ocr_line' id='line_1_30' title="bbox 428 4059 1384 4148; baseline -0.004 -23"><span class='ocrx_word' id='word_1_206' title='bbox 428 4061 662 4148; x_wconf 87' lang='lat' dir='ltr'>amplissimum</span> <span class='ocrx_word' id='word_1_207' title='bbox 689 4062 915 4148; x_wconf 89' lang='lat' dir='ltr'>patrimonium</span> <span class='ocrx_word' id='word_1_208' title='bbox 945 4062 1100 4146; x_wconf 87' lang='lat' dir='ltr'>Pompeii,</span> <span class='ocrx_word' id='word_1_209' title='bbox 1125 4075 1155 4125; x_wconf 91' lang='lat' dir='ltr'>et</span> <span class='ocrx_word' id='word_1_210' title='bbox 1187 4062 1254 4123; x_wconf 89' lang='lat' dir='ltr'>fere</span> <span class='ocrx_word' id='word_1_211' title='bbox 1285 4059 1384 4122; x_wconf 88' lang='lat' dir='ltr'>totius</span> 
     </span>
     <span class='ocr_line' id='line_1_31' title="bbox 427 4162 1382 4250; baseline -0.006 -24"><span class='ocrx_word' id='word_1_212' title='bbox 427 4162 516 4227; x_wconf 87' lang='lat' dir='ltr'>orbis</span> <span class='ocrx_word' id='word_1_213' title='bbox 531 4186 608 4250; x_wconf 86' lang='lat' dir='ltr'>opes</span> <span class='ocrx_word' id='word_1_214' title='bbox 623 4165 758 4228; x_wconf 91' lang='lat' dir='ltr'>contulit</span> <span class='ocrx_word' id='word_1_215' title='bbox 770 4163 903 4228; x_wconf 89' lang='lat' dir='ltr'>Marcus</span> <span class='ocrx_word' id='word_1_216' title='bbox 913 4166 1088 4237; x_wconf 82' lang='lat' dir='ltr'>Antonius3</span> <span class='ocrx_word' id='word_1_217' title='bbox 1113 4177 1259 4226; x_wconf 89' lang='lat' dir='ltr'>ettamen</span> <span class='ocrx_word' id='word_1_218' title='bbox 1273 4181 1382 4222; x_wconf 88' lang='lat' dir='ltr'>eornm</span> 
     </span>
     <span class='ocr_line' id='line_1_32' title="bbox 430 4259 1386 4350; baseline -0.009 -22"><span class='ocrx_word' id='word_1_219' title='bbox 430 4265 598 4350; x_wconf 64' lang='lat' dir='ltr'>praeconiis</span> <span class='ocrx_word' id='word_1_220' title='bbox 611 4287 673 4329; x_wconf 90' lang='lat' dir='ltr'>non</span> <span class='ocrx_word' id='word_1_221' title='bbox 690 4265 843 4341; x_wconf 88' lang='lat' dir='ltr'>clarescit,</span> <span class='ocrx_word' id='word_1_222' title='bbox 861 4261 915 4326; x_wconf 89' lang='lat' dir='ltr'>sed</span> <span class='ocrx_word' id='word_1_223' title='bbox 932 4285 970 4326; x_wconf 91' lang='lat' dir='ltr'>eo</span> <span class='ocrx_word' id='word_1_224' title='bbox 985 4264 1141 4327; x_wconf 87' lang='lat' dir='ltr'>sordidior</span> <span class='ocrx_word' id='word_1_225' title='bbox 1156 4259 1293 4325; x_wconf 90' lang='lat' dir='ltr'>occurrit</span> <span class='ocrx_word' id='word_1_226' title='bbox 1316 4279 1386 4343; x_wconf 88' lang='lat' dir='ltr'>pns-</span> 
     </span>
     <span class='ocr_line' id='line_1_33' title="bbox 430 4361 1389 4450; baseline -0.007 -22"><span class='ocrx_word' id='word_1_227' title='bbox 430 4367 562 4431; x_wconf 86' lang='lat' dir='ltr'>teritati.</span> <span class='ocrx_word' id='word_1_228' title='bbox 605 4367 636 4429; x_wconf 89' lang='lat' dir='ltr'>Si</span> <span class='ocrx_word' id='word_1_229' title='bbox 660 4368 754 4431; x_wconf 91' lang='lat' dir='ltr'>unius</span> <span class='ocrx_word' id='word_1_230' title='bbox 775 4362 939 4450; x_wconf 85' lang='lat' dir='ltr'>sapientis,</span> <span class='ocrx_word' id='word_1_231' title='bbox 955 4366 982 4426; x_wconf 87' lang='lat' dir='ltr'>si</span> <span class='ocrx_word' id='word_1_232' title='bbox 1003 4364 1164 4449; x_wconf 84' lang='lat' dir='ltr'>scriptoris</span> <span class='ocrx_word' id='word_1_233' title='bbox 1186 4361 1303 4444; x_wconf 81' lang='lat' dir='ltr'>egregii</span> <span class='ocrx_word' id='word_1_234' title='bbox 1319 4381 1389 4444; x_wconf 84' lang='lat' dir='ltr'>gra-</span> 
     </span>
    </p>
   </div>
   <div class='ocr_carea' id='block_1_5' title="bbox 0 0 1807 5467">
    <p class='ocr_par' dir='ltr' id='par_1_5' title="bbox 0 0 1807 5467">
     <span class='ocr_line' id='line_1_34' title="bbox 0 0 1807 5467; baseline 0 0"><span class='ocrx_word' id='word_1_235' title='bbox 0 0 1807 5467; x_wconf 95' lang='lat' dir='ltr'> </span> 
     </span>
    </p>
   </div>
  </div>
 </body>
</html>
