3550 5467
550 761 607 817 178
811 768 946 812 roaxms
963 766 1243 810 sanrsncarcxsrs
1352 747 1433 826 [cru.
1450 764 1497 807 vn.

547 924 630 987 inani
654 922 755 1005 gloria
770 922 996 992 intumescens,
1015 916 1179 980 Altissimo
1191 915 1386 979 conformari
1405 914 1497 977 voluit

547 1040 602 1090 aut
624 1023 779 1110 praeferri,
799 1023 943 1105 dejectus
972 1033 1005 1083 et
1024 1017 1245 1103 praecipitatus
1268 1031 1318 1081 est
1350 1017 1382 1080 in
1407 1016 1497 1078 lacum

544 1125 755 1190 damnationis
778 1126 933 1187 oeternae?
959 1122 1040 1184 Sane
1063 1120 1162 1183 insani
1192 1134 1282 1192 sunt,
1306 1120 1366 1202 qui
1381 1121 1440 1180 hac
1454 1117 1497 1177 ria

546 1227 708 1300 incedunt,
730 1240 761 1288 et
778 1223 1022 1287 miserabiliores
1044 1221 1192 1284 omnibus
1213 1219 1380 1304 gentibus,
1402 1218 1498 1302 quiet

547 1329 713 1416 praesentis
737 1327 810 1391 ritae
833 1325 924 1388 bonis
951 1324 1128 1408 privantur,
1152 1334 1186 1386 et
1210 1335 1355 1397 aeteruae,
1371 1323 1499 1383 maxime

548 1452 649 1514 quum
675 1428 741 1501 ille,
765 1427 821 1512 qui
845 1448 904 1510 pro
927 1424 1147 1510 peccatoribus
1169 1439 1340 1509 peccatum
1357 1421 1500 1487 sustinuit

547 1531 626 1607 lieri,
655 1546 686 1593 et
709 1528 896 1592 familiarem
920 1549 953 1588 se
971 1524 1114 1587 exhibuit
1138 1523 1332 1609 publicanis,
1355 1537 1388 1589 et
1411 1544 1499 1586 mere

548 1633 691 1710 tricibus,
721 1654 793 1694 cum
825 1627 1001 1714 hypocritis
1024 1649 1132 1711 pacem
1163 1626 1283 1691 babere
1314 1625 1500 1712 nequiverit,

548 1735 605 1821 qni
630 1757 690 1798 non
714 1733 899 1816 indigebant
918 1729 1046 1814 justitia
1067 1729 1146 1812 ejus.
1192 1729 1288 1805 Quod
1305 1732 1439 1815 planum
1460 1741 1500 1790 est

548 1835 607 1909 his,
631 1837 687 1921 qui
706 1834 938 1906 altercationes,
961 1852 1133 1914 quoscum
1157 1829 1332 1894 Pharisaeis
1353 1829 1501 1905 exercuit,

547 1934 717 2020 diligenter
743 1932 923 1997 attendunt.
969 1931 1128 1994 Nituntur
1147 1938 1254 1994 tamen
1274 1931 1501 1995 Pharisaeorum

547 2037 696 2120 exemplo
711 2034 815 2096 locum
832 2047 939 2096 tenere
957 2032 1104 2115 primum.

548 2208 627 2288 Cap.
643 2211 695 2267 22.
719 2206 771 2266 De
789 2206 925 2267 eadem:
953 2214 983 2267 et
1007 2205 1045 2268 de
1071 2203 1227 2278 Ezechias,
1251 2207 1310 2285 qui
1331 2207 1503 2279 theano—ror,

816 2326 894 2387 quoa
909 2309 1092 2384 ostentavit,
1106 2309 1226 2369 omisit.

592 2442 873 2518 Drrrrcrccruuir,
894 2454 951 2504 aut
967 2439 1162 2525 impossibile
1177 2453 1325 2503 asserunt
1339 2444 1501 2526 sapientes,

546 2542 578 2605 in
610 2542 757 2627 praesenti
790 2541 931 2626 gaudere
957 2565 1030 2605 cunr
1061 2541 1191 2616 mundo,
1223 2555 1255 2606 et
1285 2544 1318 2606 in
1350 2556 1500 2607 aeternunr

548 2645 694 2708 exultare
724 2666 797 2706 cum
829 2645 979 2708 Christo:
1011 2658 1042 2708 et
1073 2647 1167 2729 plane
1203 2645 1421 2709 miserrimum
1450 2658 1503 2721 est,

549 2746 692 2832 torqueri
724 2769 795 2809 cum
820 2744 952 2822 mundo,
975 2759 1007 2810 et
1029 2747 1061 2809 in
1092 2761 1248 2810 aeternum
1272 2770 1347 2812 cum
1373 2748 1504 2813 Diabolo

548 2847 713 2931 flagellari.
761 2848 793 2910 Si
820 2869 898 2930 ergo
916 2860 948 2912 et
970 2848 1002 2910 in
1025 2846 1083 2910 hac
1114 2848 1181 2911 vita
1203 2861 1329 2912 tantum
1346 2864 1502 2934 sperantes

549 2960 624 3011 sunt
641 2948 819 3033 hypocritae
835 2950 952 3025 tristes,
967 2951 1023 3032 qui
1040 2948 1253 3013 exterminant
1268 2949 1368 3014 facies
1383 2974 1456 3014 suas
1470 2966 1500 3014 ut

548 3047 641 3132 probi
669 3048 849 3112 hominibus
871 3061 1058 3132 appareant,
1082 3060 1113 3110 et
1141 3049 1232 3133 quasi
1259 3051 1501 3134 praecinentibus

546 3149 645 3225 tubis,
651 3151 1501 3235 justitiaesuaeoperapraeconantur,aDominofrustra

547 3250 786 3313 retributionem
796 3263 994 3333 exspectant,
1010 3249 1159 3334 quoniam
1173 3248 1204 3310 in
1222 3253 1373 3334 praesenti
1384 3275 1499 3339 recepe

549 3353 807 3416 runtmercedem
821 3374 919 3416 suam.
947 3356 996 3415 De
1012 3354 1061 3414 his
1072 3353 1153 3415 enim
1167 3355 1224 3438 qui
1238 3357 1339 3418 verbo
1349 3371 1381 3420 et
1395 3357 1498 3421 habitu

549 3467 643 3516 tenus
659 3452 813 3515 honorant
840 3455 1025 3530 Dominum,
1041 3477 1079 3517 ex
1100 3455 1254 3517 sententia
1278 3457 1349 3540 ejus
1372 3471 1499 3531 constat,

548 3553 699 3637 quoniam
714 3553 781 3635 ipse
797 3557 966 3637 elongatur
981 3556 1022 3620 ab
1038 3555 1093 3631 eis,
1108 3579 1146 3618 eo
1165 3557 1253 3641 quod
1271 3582 1326 3622 cor
1341 3582 1449 3625 eornm
1464 3561 1501 3624 ab

548 3678 586 3718 eo
601 3654 782 3735 elongatum
804 3670 871 3717 est:
898 3656 952 3717 sed
974 3672 1005 3719 et
1028 3659 1098 3741 ipsa
1124 3679 1221 3741 opera
1242 3681 1354 3724 eorum
1382 3661 1501 3748 diapen-

549 3756 638 3818 dium
652 3755 922 3834 salutisatl'erunt,
933 3772 965 3820 et
980 3757 1232 3842 Babyloniorum
1243 3761 1383 3848 principi
1396 3763 1502 3828 Satha-

549 3880 598 3920 nae
609 3855 816 3921 famulantur.
863 3860 979 3920 Omnia
991 3859 1073 3922 enim
1086 3884 1159 3944 quae
1170 3864 1394 3928 ostentationis
1408 3865 1502 3948 gratia

548 3962 642 4041 fiunt,
658 3960 903 4045 proficiscuntur
924 3962 953 4023 in
971 3976 1115 4028 mortem.
1164 3966 1293 4048 llegunr
1320 3984 1427 4034 narrat
1444 3969 1499 4032 hia·

547 4060 638 4140 toria,
648 4062 735 4146 quod
747 4084 847 4147 quum
862 4062 1018 4125 Ezechias
1031 4085 1086 4126 rex
1100 4063 1299 4131 Hierusalem
1313 4091 1373 4155 per
1381 4093 1500 4136 manum

549 4166 654 4227 Esaiae
677 4165 732 4226 lilii
758 4170 854 4227 Amos
881 4164 1006 4247 signum
1032 4165 1263 4232 incolumitatis
1293 4185 1326 4235 et
1350 4174 1460 4238 salutis
1484 4195 1499 4233 a

538 4266 686 4327 ¹Domino
697 4263 878 4347 accepisset,
892 4264 1004 4325 umbra
1014 4263 1169 4348 horologii
1182 4281 1360 4336 retrorsum
1377 4275 1499 4338 cedente

547 4365 653 4427 decem
662 4362 826 4448 gradibus,
839 4362 927 4445 quod
940 4378 1065 4427 naturas
1076 4365 1398 4451 videturadversum‚
1408 4396 1499 4459 quuur
