3550 5467
406 803 476 850 cir.
492 783 555 863 ru]
756 796 1010 845 mnrcnsrrcos.
1317 777 1353 841 91

405 1028 487 1111 Cap.
511 1034 544 1092 t.
586 1025 680 1090 Unde
704 1025 837 1087 suasor
861 1024 1092 1105 philosophia:
1123 1033 1155 1086 et
1181 1025 1221 1088 de
1248 1023 1359 1089 Soneio

448 1131 653 1212 Pythoporu,
677 1135 708 1190 et
735 1127 886 1189 doctrino
911 1127 992 1209 ojus,
1016 1128 1073 1209 qui
1098 1125 1226 1190 Italicis
1251 1128 1357 1207 plrilo·

448 1230 612 1312 reptandi
625 1235 741 1292 auctor
754 1229 878 1290 extit-it.

450 1367 560 1428 insum
597 1383 672 1426 vero
708 1361 922 1444 philosophice
958 1383 1089 1440 nomeu,
1121 1384 1140 1426 a
1176 1363 1360 1446 Pythagora

408 1468 526 1532 Italico
554 1466 723 1528 inventum
753 1472 812 1537 est,
842 1463 898 1547 qui
935 1476 1032 1529 tante
1068 1465 1129 1528 fuit
1162 1465 1359 1528 auctoritatis

407 1568 496 1652 apud
518 1567 680 1650 antiquos,
701 1575 737 1628 nt
764 1564 974 1649 praejudicioli
1002 1566 1166 1648 opinione,
1188 1566 1360 1629 sententias

344 1668 348 1673 ⁴
406 1672 553 1736 omnium
575 1680 747 1752 superaret,
765 1678 913 1751 essetque
935 1668 1012 1730 satis
1033 1666 1075 1730 ad
1094 1667 1271 1750 quamlibet
1289 1687 1362 1729 sen·

407 1772 543 1836 tentiam
565 1769 789 1846 roborandam,
810 1768 838 1832 si
860 1769 924 1831 hoc
945 1768 1017 1851 ipse
1040 1768 1161 1832 dixisse
1183 1768 1360 1832 doceretur.

408 1876 490 1957 Ipse
510 1893 648 1955 namque
670 1892 733 1934 vox
755 1869 968 1953 pronominis,
986 1871 1188 1954 usurpatione
1211 1868 1361 1953 quadam,

407 1974 534 2060 proprii
555 1972 697 2036 nominis
719 1974 872 2056 explebat
894 1972 1044 2035 officium.
1089 1972 1163 2036 Fuit
1181 1981 1287 2036 autem
1309 1972 1362 2036 hic

409 2077 542 2141 natione
557 2074 696 2151 Samius,
709 2074 915 2156 negotiatoris
936 2073 1044 2137 divitis
1066 2074 1161 2151 filius,
1177 2075 1230 2138 cui
1244 2094 1362 2137 nomen

411 2179 558 2241 Muretus
573 2187 658 2239 erat:
682 2174 740 2238 sed
760 2184 891 2258 parente
907 2175 1002 2257 longe
1018 2174 1114 2238 ditior
1128 2186 1204 2253 eret,
1219 2196 1258 2239 eo
1274 2174 1362 2260 quod

410 2277 587 2360 negotiatio
617 2275 717 2359 patris
744 2283 834 2337 tauta
861 2275 1005 2358 nequivit
1041 2277 1214 2360 acquirere,
1243 2288 1363 2360 quanta

411 2381 498 2444 filins
535 2389 740 2442 contemnere
772 2377 895 2455 maluit,
925 2398 1020 2460 quam
1050 2378 1176 2442 habere.
1232 2379 1364 2461 Magnis

410 2483 518 2564 itaque
555 2478 720 2561 sapientiae
757 2478 908 2540 formatus
939 2478 1157 2555 incrementis,
1186 2481 1363 2562 AEgyptum

411 2582 527 2666 primo,
549 2601 627 2642 mox
654 2580 880 2662 Babyloniam,
901 2578 942 2641 ad
968 2580 1196 2663 perdiscendos
1225 2580 1365 2643 siderum

412 2695 531 2755 motus,
554 2682 773 2764 originemque
804 2680 916 2744 mundi
947 2681 1167 2762 spectandam,
1193 2670 1364 2765 profectus,

412 2805 571 2849 summam
586 2784 753 2847 scientiam
774 2793 967 2847 consecutus
985 2794 1061 2847 erat.
1109 2785 1189 2847 Inde
1204 2804 1365 2865 regressus

413 2888 541 2951 Cretam
566 2895 600 2948 et
625 2884 870 2962 Lacedaemona,
896 2885 938 2948 ad
967 2885 1211 2966 cognoscendas
1240 2884 1366 2949 Minois

413 3000 446 3052 et
460 2987 601 3071 Lycurgi
618 2988 756 3068 inclytas
771 3008 810 3049 ea
824 2996 1014 3069 tempestate
1031 2989 1131 3067 leges,
1147 2986 1365 3050 contenderat.

414 3090 542 3162 Quibus
562 3089 712 3152 omnibus
733 3089 918 3165 instructus,
934 3089 974 3151 ad
991 3089 1236 3153 Crotonicorum
1253 3091 1366 3151 urbem

415 3192 571 3276 applicuit
592 3191 723 3255 omuino
746 3191 931 3267 resolutam,
952 3200 984 3252 et
1006 3192 1105 3254 solius
1124 3192 1247 3254 virtutis
1270 3211 1368 3273 opera

415 3295 621 3374 indigentem.
668 3293 696 3353 F
696 3304 818 3354 ortunae
837 3291 998 3373 siquidem
1015 3292 1219 3374 indignantes
1233 3293 1367 3357 oderant

416 3417 513 3473 armo,
528 3417 601 3479 quae
623 3395 777 3457 adsersus
797 3394 977 3457 Locrenses
993 3396 1162 3459 infeliciter
1179 3403 1368 3474 sumserunt,

416 3507 655 3581 mutassentque
684 3495 780 3558 vitam
815 3497 955 3574 luxuria,
985 3497 1045 3560 nisi
1083 3499 1130 3561 eis
1168 3498 1368 3582 Pythagoras

419 3598 635 3682 Philosophus
664 3597 849 3660 obstitisset.
906 3598 962 3660 Ex
991 3620 1056 3682 quo
1086 3611 1184 3682 patet,
1213 3611 1368 3684 quantum

417 3702 515 3764 homo
523 3710 654 3783 praestet
668 3699 803 3777 homini,
813 3721 912 3781 quum
925 3702 1019 3764 unius
1031 3724 1176 3785 personne
1187 3703 1368 3780 auctoritas,

412 3803 481 3887 jam
494 3803 623 3885 lapsum
643 3801 685 3863 ad
707 3802 826 3882 frugem
850 3803 992 3865 melioris
1006 3803 1088 3882 vitae,
1103 3805 1298 3868 revocaverit
1311 3825 1370 3885 po·

418 3903 538 3984 pulum.
590 3903 760 3964 Laudabat
786 3923 860 3983 orgo
887 3903 1034 3966 virtutem
1061 3905 1215 3988 quotidie,
1238 3916 1271 3968 et
1294 3905 1371 3967 vitia

418 4004 554 4065 luxuriae
580 4002 777 4079 denudabat,
803 4013 835 4064 et
861 4023 994 4066 casuum
1022 4005 1146 4067 urbium
1176 4005 1369 4089 perditarum

418 4103 614 4167 enunciabat
636 4124 759 4166 causas.
804 4104 943 4167 Tantum
967 4127 1095 4188 quoque
1121 4106 1218 4169 studii
1241 4105 1282 4167 ad
1308 4107 1371 4167 sru-

418 4207 581 4286 galitatem
601 4205 816 4268 multitudinis
837 4208 1043 4288 provocabat,
1058 4220 1094 4271 ut
1112 4208 1238 4290 aliquos
1258 4226 1298 4268 ex
1320 4204 1373 4269 his

418 4307 601 4369 luxuriatos
623 4327 693 4368 esse
715 4305 905 4369 incredibile
929 4307 1095 4369 videretur.
1152 4308 1371 4369 Matronurum

421 4429 493 4471 vero
525 4422 704 4490 separatam
735 4428 754 4469 a
779 4407 854 4469 viris
885 4407 1074 4483 doctrinam,
1100 4423 1132 4470 et
1160 4427 1373 4489 pueroruma
