3550 5467
358 717 396 778 lt
613 734 749 779 insnum
764 736 1032 780 sinrsnsrususrs
1167 716 1249 795 [nm.
1267 734 1312 780 vr.

357 909 419 971 que
435 908 512 950 usus
526 886 688 951 maximus
703 898 761 965 est,
777 889 894 971 quibus
912 888 1014 952 bostis
1030 888 1156 951 eminus
1169 888 1311 961 laeditur,

356 998 412 1051 aut
447 998 600 1064 terretur;
641 1000 673 1052 et
708 990 861 1052 exercitio
899 1011 1019 1066 eorum,
1048 990 1178 1052 lacertis
1214 989 1313 1050 robur

356 1089 522 1164 accrescit,
550 1099 583 1151 et
613 1087 782 1171 jaculandi
819 1089 934 1172 peritia
963 1100 1058 1172 atque
1086 1110 1164 1151 usus
1201 1088 1314 1171 acqui·

355 1190 442 1251 ritur.
489 1190 564 1251 Hoc
587 1202 692 1251 autem
716 1189 796 1251 tanti
818 1188 964 1251 exercitii
987 1187 1116 1250 assidua
1146 1186 1313 1250 meditatio

357 1290 550 1366 conserebat,
573 1299 608 1352 ut
636 1290 669 1352 iu
700 1291 836 1352 tumultu
860 1290 980 1351 bellico
1009 1289 1126 1351 utiliter
1149 1308 1313 1351 versaren-

355 1400 407 1450 tur
429 1387 591 1471 intrepidi,
614 1388 725 1473 quiin
748 1409 829 1471 pace
856 1389 983 1450 inerant
1004 1399 1069 1451 tam
1092 1387 1238 1451 studiose
1261 1388 1312 1450 in-

356 1489 476 1552 structi.
522 1490 620 1552 Filias
636 1509 764 1573 quoque
779 1488 896 1568 legitur
910 1487 1061 1571 praefatus
1077 1490 1242 1572 Augustus
1264 1487 1311 1551 sic

354 1591 389 1654 in
404 1591 548 1655 lanificio
567 1592 682 1654 fecisse
702 1589 839 1666 institui,
853 1601 889 1652 ut
911 1591 937 1652 si
957 1602 1071 1674 praeter
1089 1611 1181 1674 spem
1202 1611 1258 1652 eas
1277 1590 1311 1652 in

355 1704 531 1757 extremam
562 1703 783 1776 paupertatem
820 1692 948 1754 fortuna
984 1692 1183 1775 projecisset,
1213 1693 1309 1755 vitam

354 1805 488 1878 possent
502 1803 568 1856 arte
584 1789 732 1854 deductis
747 1790 953 1853 facultatibus
966 1791 1129 1854 exhibere.
1176 1791 1263 1854 Nam
1278 1801 1311 1854 et

354 1893 465 1971 nendi,
489 1892 634 1966 texendi,
660 1900 693 1954 et
716 1911 812 1953 acum
836 1892 1022 1971 exercendi,
1048 1903 1219 1978 vestesque
1247 1893 1309 1956 lor·

355 1992 476 2068 mandi,
490 1989 645 2072 tingendi,
668 1989 896 2073 componendi,
912 2012 977 2054 non
999 1991 1096 2055 modo
1121 2005 1233 2071 artem,
1254 1991 1311 2056 sed

356 2113 450 2156 usum
474 2091 648 2163 habebant,
665 2101 697 2154 et
719 2090 996 2154 consuetudinem.
1042 2092 1162 2178 Utique
1178 2093 1233 2178 qui
1249 2093 1314 2157 otia

355 2210 422 2254 non
448 2189 637 2270 indulgebat
662 2189 846 2271 virginibus,
873 2212 1077 2276 nequaquam
1104 2195 1310 2276 permittebat

355 2290 473 2355 milites
508 2290 609 2368 otiari,
639 2312 774 2373 quorum
812 2291 968 2373 professio
1001 2294 1148 2358 instituta
1184 2305 1234 2358 est
1269 2292 1311 2359 ad

355 2392 509 2455 laborem.
554 2391 626 2455 Nec
641 2391 737 2454 credo
749 2413 821 2455 eum
837 2391 878 2454 de
891 2393 1029 2455 molliori
1044 2393 1158 2457 habitu
1173 2394 1311 2457 militum

356 2490 495 2572 gloriari,
520 2486 562 2553 ad
584 2511 680 2573 quem
701 2491 763 2553 nisi
787 2490 936 2554 severiori
962 2494 1051 2555 vultu
1076 2501 1109 2556 et
1133 2493 1312 2558 honestiori

355 2591 469 2655 babitu
490 2590 653 2671 accedere,
675 2591 744 2654 filia
764 2612 830 2653 non
853 2592 1003 2656 audebat.
1048 2594 1201 2658 Lucanus
1223 2594 1313 2658 brevi

356 2690 496 2775 quodam
515 2691 677 2774 praeconio
697 2691 904 2754 commendat
926 2690 1093 2770 Catonem,
1109 2704 1142 2756 et
1163 2693 1312 2757 militiam

355 2792 585 2869 Romanorum,
607 2791 764 2876 adjiciens
786 2791 868 2854 inter
891 2802 1016 2872 caetera,
1039 2794 1128 2877 quod
1151 2794 1182 2858 ei
1204 2794 1313 2859 vestiri

355 2891 457 2955 suerat
469 2893 610 2975 pretiose

461 3002 569 3055 Hirtam
580 3003 696 3056 membra
708 3020 794 3074 snper,
808 3001 921 3054 Romani
933 3020 1005 3057 more
1017 3005 1135 3071 inritis,

461 3087 602 3141 Induxisse
614 3093 713 3155 togam.

355 3209 451 3284 Quod
471 3210 614 3295 profecto
635 3231 700 3272 non
723 3209 856 3286 diceret,
871 3207 934 3271 nisi
958 3207 1094 3273 durioris
1115 3220 1201 3293 tegre
1224 3230 1314 3289 naus,

355 3311 396 3375 de
418 3312 580 3385 Quiritum
607 3310 840 3372 consuetudine
861 3311 1079 3392 processisset.
1126 3311 1192 3376 Sed
1212 3312 1314 3376 modo

354 3412 412 3497 qui
440 3411 592 3474 mollibus
621 3411 806 3485 vestiuntur,
836 3409 870 3472 in
899 3409 1049 3475 domibus
1084 3433 1195 3494 regum
1224 3423 1313 3489 sunt,

355 3512 420 3575 imo
443 3512 476 3574 in
500 3512 623 3587 castris,
644 3522 677 3573 et
699 3511 746 3573 sic
769 3509 811 3573 ad
833 3511 921 3573 bella
941 3512 1132 3595 procedunt,
1154 3514 1248 3598 quasi
1270 3512 1313 3578 ad

354 3613 486 3697 nuptias
499 3612 650 3675 dealbati·
693 3611 825 3692 Magnis
838 3613 980 3694 antiquae
995 3614 1120 3679 militiae
1134 3613 1315 3698 privilegiis

355 3733 390 3774 se
409 3723 547 3789 tuentur,
563 3711 714 3795 quoniam
735 3710 771 3773 in
794 3731 833 3773 eo
853 3711 1018 3774 imitantur
1032 3713 1205 3797 plurimum
1222 3713 1315 3798 quod

348 3810 424 3895 jora
439 3812 598 3892 ignorant.
643 3810 688 3874 Et
706 3810 768 3874 hoc
791 3809 922 3895 quidem
945 3812 1112 3876 tolerabile
1133 3823 1231 3890 esset,
1247 3813 1316 3876 nisi

354 3933 447 3996 aque
472 3911 598 3974 divinas
624 3920 657 3973 et
685 3911 841 3973 humanas
868 3921 1111 3976 contemnerent
1135 3914 1239 3996 leges,
1266 3923 1316 3992 ut,

353 4013 434 4076 velis
448 4012 544 4085 nolis,
561 4011 740 4092 satyricum
756 4011 836 4074 illud
853 4011 911 4073 tibi
927 4011 1108 4095 frequenter
1122 4028 1285 4093 occurrat,

460 4141 639 4198 Dinomaches
652 4156 702 4209 ego
713 4159 780 4205 som,
793 4141 882 4194 sums:
897 4158 953 4195 sum
966 4144 1099 4209 candidus,
1112 4152 1179 4200 esto.

459 4229 530 4283 Dum
540 4242 593 4279 noo
604 4226 718 4278 deterius
729 4226 814 4297 sapiat
822 4225 961 4279 'Pannuela
973 4227 1079 4294 Baucis,

457 4314 547 4376 Qum
557 4311 625 4362 bens
637 4309 761 4361 discincto
772 4311 917 4361 tutaverit
928 4327 1017 4377 ocyus
1029 4328 1130 4366 vernn:
