3550 5467
406 721 470 779 208
662 719 799 776 rasurus
814 731 1093 777 sinssasmensrs
1190 718 1275 792 [tra.
1290 734 1355 781 vm.

407 906 474 947 esse
498 881 691 948 existimans.
739 882 785 946 Hi
812 898 916 946 tamen
947 883 1004 969 qui
1034 884 1273 968 superstitionis
1301 890 1354 954 sibi

407 982 522 1047 conscii
542 998 628 1064 sunt,
642 981 835 1068 praecipuam
857 994 980 1068 partem
1002 981 1175 1049 vendicant
1195 987 1281 1073 apud
1297 1011 1354 1066 eos,

406 1083 462 1168 qui
478 1081 582 1147 laudis
596 1105 702 1147 amore
722 1095 932 1146 macerantur.
971 1084 1073 1147 Porro
1089 1083 1175 1151 sicut
1197 1110 1354 1155 avarums

406 1185 505 1271 largo,
521 1189 566 1250 ita
581 1197 612 1249 et
636 1183 809 1269 prodigum
829 1184 965 1270 quadam
987 1186 1218 1253 contrarietate
1237 1189 1355 1256 differre

406 1302 605 1367 censuerunt,
620 1287 676 1372 qui
692 1285 759 1349 duo
773 1285 869 1350 nnius
882 1287 1004 1372 opinati
1018 1301 1096 1352 sunt
1110 1311 1180 1353 esse
1193 1294 1354 1370 contraris,

408 1389 587 1476 quantitate
621 1388 770 1468 alterum,
803 1388 939 1454 alterum
974 1390 1142 1475 qualitate.
1196 1393 1353 1479 Siquidem

408 1491 660 1577 magnanimitati
691 1490 845 1555 timiditas
873 1490 1061 1557 adversatur
1090 1493 1250 1578 qualitate
1277 1496 1354 1573 mali,

408 1593 486 1657 dum
512 1590 660 1655 audenda
682 1591 816 1665 metuit;
848 1604 880 1655 et
906 1591 1040 1655 audacia
1065 1594 1263 1678 quantitate,
1284 1597 1355 1660 dum

409 1695 483 1780 plus
507 1716 604 1781 qnam
629 1692 777 1758 audenda
800 1694 973 1778 proesumit.
1012 1693 1229 1781 Prodigalitas
1255 1699 1355 1786 itaque

409 1795 580 1883 eroganda,
596 1808 628 1861 et
648 1818 711 1859 non
726 1796 885 1880 eroganda
906 1796 1073 1883 profundit
1088 1798 1120 1860 in
1137 1820 1193 1864 eas
1216 1822 1276 1880 res,
1289 1824 1355 1887 que

410 1898 529 1962 nullam
547 1911 622 1964 sunt
636 1901 773 1971 omnino,
785 1911 842 1962 aut
852 1897 980 1964 brevem
996 1898 1158 1964 habitura.»
1170 1903 1355 1968 memoriam.

410 2005 505 2066 Hanc
526 2016 633 2065 autem
653 1999 850 2077 effusionem,
870 2001 1023 2065 Cicerone
1043 2015 1188 2080 auctore,
1206 2026 1358 2069 commen·

408 2102 499 2168 dasse
513 2103 619 2170 dictus
633 2116 680 2167 est
695 2103 936 2189 Theophrastus
950 2104 982 2167 in
1002 2104 1098 2182 libro,
1113 2128 1211 2192 quem
1227 2104 1270 2172 de
1283 2106 1358 2172 divi·

409 2203 463 2267 tiis
478 2202 613 2288 scripsit.
653 2206 778 2289 laquo
802 2202 904 2268 multa
925 2203 1089 2289 praeclare,
1111 2204 1194 2271 illud
1217 2205 1359 2284 absurde,

408 2304 497 2392 quod
507 2304 642 2370 multum
653 2305 684 2369 in
696 2305 856 2369 laudanda
865 2306 1109 2392 magnificentia,
1115 2320 1148 2372 et
1157 2309 1360 2395 apparatione

408 2406 610 2494 popularium
637 2430 819 2485 munerum,
844 2407 1022 2493 taliumque
1048 2422 1239 2497 sumptuum
1264 2409 1360 2476 facul·

409 2521 519 2587 tatem,
534 2509 675 2575 fructum
692 2509 878 2574 divitiarum
895 2523 998 2597 putat.
1030 2512 1162 2589 Quanto
1176 2513 1359 2579 Aristoteles

410 2609 538 2697 gravius
552 2623 583 2675 et
600 2610 705 2675 verius
719 2610 776 2674 has
791 2609 996 2696 pecuniarum
1018 2612 1223 2698 reprehendit
1239 2614 1362 2679 effusio-

410 2736 479 2792 nes,
489 2712 662 2799 praesertim
673 2735 774 2799 quum
786 2736 889 2799 neque
901 2714 1079 2779 necessitati
1094 2716 1298 2794 subveniant,
1306 2738 1360 2780 nec

410 2829 548 2902 augeant
571 2815 768 2901 dignitatem,
790 2814 922 2901 ipsaque
944 2814 1000 2879 illa
1024 2815 1195 2883 delectatio
1221 2817 1358 2884 delinita

410 2917 635 2998 multitudinis,
649 2918 691 2982 ad
705 2918 802 2983 breve
816 2917 1037 3004 exiguumque
1052 2932 1181 3006 tempus
1194 2923 1249 3001 sit,
1263 2943 1359 3008 eaque

410 3043 429 3084 a
451 3019 608 3085 levissimo
633 3043 773 3106 quoque.
818 3023 857 3085 In
879 3042 946 3106 quo
969 3034 1075 3086 tamen
1101 3023 1173 3109 ipso
1199 3047 1265 3089 una
1288 3046 1358 3088 curn

410 3122 566 3202 satietate,
583 3123 734 3214 memoria
747 3145 878 3210 quoque
901 3122 1036 3188 moritur
1052 3127 1239 3213 voluptatis.
1277 3125 1360 3191 Beue

409 3226 504 3291 etiam
520 3225 641 3312 colligit
657 3226 725 3291 haec
740 3225 859 3312 pueris,
874 3240 908 3291 et
928 3225 1136 3306 mulierculis,
1152 3242 1184 3294 et
1208 3232 1316 3309 servis,
1329 3241 1359 3293 et

410 3350 573 3392 servorum
604 3324 770 3390 simillimis
799 3325 907 3392 liberis
939 3336 1033 3412 grata
1059 3350 1140 3410 esse,
1168 3327 1260 3416 gravi
1288 3352 1359 3394 vero

409 3428 541 3506 homini,
553 3445 584 3493 et
600 3451 637 3492 ea
652 3452 725 3515 quae
737 3429 817 3492 liunt
830 3443 917 3494 certo
926 3429 1050 3517 judicio
1061 3430 1266 3517 ponderanti,
1275 3430 1359 3496 nullo

409 3531 506 3596 modo
517 3553 608 3615 posse
620 3532 758 3616 probari.
789 3530 936 3598 Valerius
947 3533 1123 3611 Maximus,
1133 3534 1191 3599 sed
1205 3548 1239 3600 et
1251 3535 1358 3602 Cicero

409 3631 517 3709 refert,
533 3631 620 3716 quod
642 3632 675 3695 in
698 3633 892 3717 Alexandro,
906 3635 963 3721 qui
985 3634 1154 3721 largitione
1174 3635 1358 3704 benevolen-

408 3732 484 3797 tiam
501 3732 714 3798 Macedonum
731 3737 925 3819 sectabatur,
939 3736 1019 3802 hanc
1034 3738 1253 3824 profusionem
1267 3761 1358 3827 pecu·

409 3834 470 3898 nioe
495 3834 666 3923 Philippus
692 3837 847 3921 arguerit,
872 3853 904 3904 et
936 3839 1079 3926 epistoloe
1106 3842 1237 3928 quidem
1267 3841 1359 3907 verba

409 3950 484 4003 sunt
507 3938 595 4005 haec:
629 3940 724 4017 Quod
748 3953 780 4005 te
805 3941 926 4006 malum
950 3943 1080 4009 rationis
1104 3944 1137 4008 in
1161 3945 1255 4011 istam
1276 3967 1356 4032 spem

409 4039 550 4122 induxit,
571 4055 607 4106 ut
629 4066 682 4107 eos
702 4043 761 4108 tibi
782 4043 891 4108 fideles
908 4057 1013 4133 putes,
1035 4068 1117 4132 quos
1140 4048 1276 4132 petuma
1295 4070 1357 4112 cor·

409 4144 567 4230 rupisses?
594 4148 645 4207 An
659 4160 693 4209 tu
709 4144 780 4209 ideo
796 4145 864 4229 agis
878 4160 916 4211 ut
930 4146 1124 4212 Macedones
1136 4171 1200 4213 non
1213 4161 1245 4214 te
1256 4170 1355 4236 regem

408 4269 514 4321 suum,
533 4246 588 4310 sed
612 4247 790 4311 ministrum
814 4262 845 4311 et
868 4248 1071 4334 praebitorem
1095 4251 1239 4337 putenti
1268 4248 1355 4330 Quod

408 4345 538 4433 quidem
561 4347 628 4433 regi
650 4346 812 4413 sordidum
836 4372 903 4414 esse
925 4372 987 4413 uon
1010 4349 1158 4438 ambigis,
1179 4365 1212 4418 et
1233 4373 1356 4440 corrup·
