<?xml version="1.0" encoding="UTF-8"?>
<!DOCTYPE html PUBLIC "-//W3C//DTD XHTML 1.0 Transitional//EN"
    "http://www.w3.org/TR/xhtml1/DTD/xhtml1-transitional.dtd">
<html xmlns="http://www.w3.org/1999/xhtml" xml:lang="en" lang="en">
 <head>
  <title>
</title>
<meta http-equiv="Content-Type" content="text/html;charset=utf-8" />
  <meta name='ocr-system' content='tesseract 3.04.00' />
  <meta name='ocr-capabilities' content='ocr_page ocr_carea ocr_par ocr_line ocrx_word'/>
</head>
<body>
  <div class='ocr_page' id='page_1' title='image "./joannissaresber17johngoog_0071.png"; bbox 0 0 3550 5467; ppageno 0'>
   <div class='ocr_carea' id='block_1_1' title="bbox 304 745 1257 826">
    <p class='ocr_par' dir='ltr' id='par_1_1' title="bbox 304 745 1257 826">
     <span class='ocr_line' id='line_1_1' title="bbox 304 745 1257 826; baseline 0.013 -24"><span class='ocrx_word' id='word_1_1' title='bbox 304 757 370 806; x_wconf 77' lang='lat' dir='ltr'>car.</span> <span class='ocrx_word' id='word_1_2' title='bbox 387 745 498 826; x_wconf 68' lang='lat' dir='ltr'>xxia]</span> <span class='ocrx_word' id='word_1_3' title='bbox 656 764 913 812; x_wconf 80' lang='lat' dir='ltr'>ronrcnsrrcus.</span> <span class='ocrx_word' id='word_1_4' title='bbox 1219 753 1257 814; x_wconf 84' lang='lat' dir='ltr'>ot</span> 
     </span>
    </p>
   </div>
   <div class='ocr_carea' id='block_1_2' title="bbox 303 913 1261 1206">
    <p class='ocr_par' dir='ltr' id='par_1_2' title="bbox 303 913 1261 1206">
     <span class='ocr_line' id='line_1_2' title="bbox 307 913 1260 1002; baseline 0.006 -26"><span class='ocrx_word' id='word_1_5' title='bbox 307 913 493 998; x_wconf 84' lang='lat' dir='ltr'>majestatis,</span> <span class='ocrx_word' id='word_1_6' title='bbox 522 938 565 980; x_wconf 91' lang='lat' dir='ltr'>ne</span> <span class='ocrx_word' id='word_1_7' title='bbox 598 929 750 1002; x_wconf 88' lang='lat' dir='ltr'>tanquam</span> <span class='ocrx_word' id='word_1_8' title='bbox 779 919 834 1001; x_wconf 92' lang='lat' dir='ltr'>qui</span> <span class='ocrx_word' id='word_1_9' title='bbox 863 940 900 981; x_wconf 91' lang='lat' dir='ltr'>os</span> <span class='ocrx_word' id='word_1_10' title='bbox 932 939 1040 982; x_wconf 88' lang='lat' dir='ltr'>meum</span> <span class='ocrx_word' id='word_1_11' title='bbox 1076 921 1108 981; x_wconf 94' lang='lat' dir='ltr'>in</span> <span class='ocrx_word' id='word_1_12' title='bbox 1140 920 1260 982; x_wconf 85' lang='lat' dir='ltr'>coelum</span> 
     </span>
     <span class='ocr_line' id='line_1_3' title="bbox 303 1016 1261 1103; baseline 0.005 -25"><span class='ocrx_word' id='word_1_13' title='bbox 303 1016 477 1098; x_wconf 73' lang='lat' dir='ltr'><strong>posuerim,</strong></span> <span class='ocrx_word' id='word_1_14' title='bbox 490 1039 619 1083; x_wconf 89' lang='lat' dir='ltr'>crucem</span> <span class='ocrx_word' id='word_1_15' title='bbox 634 1018 743 1082; x_wconf 86' lang='lat' dir='ltr'>ridear</span> <span class='ocrx_word' id='word_1_16' title='bbox 757 1020 920 1084; x_wconf 87' lang='lat' dir='ltr'>meruisse.</span> <span class='ocrx_word' id='word_1_17' title='bbox 952 1022 1168 1084; x_wconf 79' lang='lat' dir='ltr'><strong>Veruntamen</strong></span> <span class='ocrx_word' id='word_1_18' title='bbox 1183 1021 1261 1103; x_wconf 89' lang='lat' dir='ltr'>quia</span> 
     </span>
     <span class='ocr_line' id='line_1_4' title="bbox 304 1115 1261 1206; baseline 0.006 -27"><span class='ocrx_word' id='word_1_19' title='bbox 304 1115 414 1182; x_wconf 92' lang='lat' dir='ltr'>Guido</span> <span class='ocrx_word' id='word_1_20' title='bbox 430 1118 582 1184; x_wconf 86' lang='lat' dir='ltr'>Clemens</span> <span class='ocrx_word' id='word_1_21' title='bbox 601 1120 729 1185; x_wconf 76' lang='lat' dir='ltr'>Sanctae</span> <span class='ocrx_word' id='word_1_22' title='bbox 750 1121 950 1185; x_wconf 85' lang='lat' dir='ltr'>Potentianae</span> <span class='ocrx_word' id='word_1_23' title='bbox 966 1122 1134 1206; x_wconf 77' lang='lat' dir='ltr'>Presbyter</span> <span class='ocrx_word' id='word_1_24' title='bbox 1149 1121 1261 1187; x_wconf 83' lang='lat' dir='ltr'>Cardi-</span> 
     </span>
    </p>
   </div>
   <div class='ocr_carea' id='block_1_3' title="bbox 302 1218 1266 4440">
    <p class='ocr_par' dir='ltr' id='par_1_3' title="bbox 302 1218 1266 4440">
     <span class='ocr_line' id='line_1_5' title="bbox 303 1218 1260 1308; baseline 0.006 -27"><span class='ocrx_word' id='word_1_25' title='bbox 303 1218 386 1283; x_wconf 87' lang='lat' dir='ltr'>naiis</span> <span class='ocrx_word' id='word_1_26' title='bbox 408 1222 532 1304; x_wconf 89' lang='lat' dir='ltr'>populo</span> <span class='ocrx_word' id='word_1_27' title='bbox 554 1222 773 1286; x_wconf 86' lang='lat' dir='ltr'>testimonium</span> <span class='ocrx_word' id='word_1_28' title='bbox 795 1223 955 1305; x_wconf 89' lang='lat' dir='ltr'>perhibet,</span> <span class='ocrx_word' id='word_1_29' title='bbox 976 1225 1006 1288; x_wconf 90' lang='lat' dir='ltr'>ei</span> <span class='ocrx_word' id='word_1_30' title='bbox 1028 1245 1260 1308; x_wconf 79' lang='lat' dir='ltr'>usquequaque</span> 
     </span>
     <span class='ocr_line' id='line_1_6' title="bbox 302 1320 1263 1406; baseline 0.006 -24"><span class='ocrx_word' id='word_1_31' title='bbox 302 1320 525 1385; x_wconf 83' lang='lat' dir='ltr'><strong>contradicere</strong></span> <span class='ocrx_word' id='word_1_32' title='bbox 539 1343 604 1386; x_wconf 91' lang='lat' dir='ltr'>non</span> <span class='ocrx_word' id='word_1_33' title='bbox 620 1344 790 1406; x_wconf 71' lang='lat' dir='ltr'>presumo.</span> <span class='ocrx_word' id='word_1_34' title='bbox 827 1325 949 1388; x_wconf 81' lang='lat' dir='ltr'>Asserit</span> <span class='ocrx_word' id='word_1_35' title='bbox 964 1325 1050 1388; x_wconf 92' lang='lat' dir='ltr'>enim</span> <span class='ocrx_word' id='word_1_36' title='bbox 1066 1325 1099 1388; x_wconf 94' lang='lat' dir='ltr'>in</span> <span class='ocrx_word' id='word_1_37' title='bbox 1115 1326 1263 1389; x_wconf 84' lang='lat' dir='ltr'>Romana</span> 
     </span>
     <span class='ocr_line' id='line_1_7' title="bbox 304 1423 1259 1508; baseline 0.004 -24"><span class='ocrx_word' id='word_1_38' title='bbox 304 1423 445 1486; x_wconf 88' lang='lat' dir='ltr'>ecclesia</span> <span class='ocrx_word' id='word_1_39' title='bbox 470 1424 631 1507; x_wconf 87' lang='lat' dir='ltr'>quandam</span> <span class='ocrx_word' id='word_1_40' title='bbox 659 1423 858 1508; x_wconf 75' lang='lat' dir='ltr'>duplicitatis</span> <span class='ocrx_word' id='word_1_41' title='bbox 882 1447 953 1488; x_wconf 88' lang='lat' dir='ltr'>esse</span> <span class='ocrx_word' id='word_1_42' title='bbox 976 1425 1130 1503; x_wconf 88' lang='lat' dir='ltr'>radicem,</span> <span class='ocrx_word' id='word_1_43' title='bbox 1154 1437 1187 1489; x_wconf 88' lang='lat' dir='ltr'>et</span> <span class='ocrx_word' id='word_1_44' title='bbox 1213 1426 1259 1488; x_wconf 84' lang='lat' dir='ltr'>so·</span> 
     </span>
     <span class='ocr_line' id='line_1_8' title="bbox 304 1525 1260 1609; baseline 0.004 -24"><span class='ocrx_word' id='word_1_45' title='bbox 304 1532 448 1588; x_wconf 89' lang='lat' dir='ltr'>mentum</span> <span class='ocrx_word' id='word_1_46' title='bbox 472 1525 624 1603; x_wconf 76' lang='lat' dir='ltr'>avaritia,</span> <span class='ocrx_word' id='word_1_47' title='bbox 645 1546 719 1609; x_wconf 80' lang='lat' dir='ltr'>quae</span> <span class='ocrx_word' id='word_1_48' title='bbox 743 1541 841 1609; x_wconf 89' lang='lat' dir='ltr'>caput</span> <span class='ocrx_word' id='word_1_49' title='bbox 866 1536 900 1589; x_wconf 90' lang='lat' dir='ltr'>et</span> <span class='ocrx_word' id='word_1_50' title='bbox 925 1525 1018 1590; x_wconf 83' lang='lat' dir='ltr'>radix</span> <span class='ocrx_word' id='word_1_51' title='bbox 1044 1537 1093 1590; x_wconf 88' lang='lat' dir='ltr'>est</span> <span class='ocrx_word' id='word_1_52' title='bbox 1118 1527 1260 1590; x_wconf 91' lang='lat' dir='ltr'>omnium</span> 
     </span>
     <span class='ocr_line' id='line_1_9' title="bbox 303 1625 1260 1709; baseline 0.002 -21"><span class='ocrx_word' id='word_1_53' title='bbox 303 1625 471 1689; x_wconf 86' lang='lat' dir='ltr'>malorum.</span> <span class='ocrx_word' id='word_1_54' title='bbox 525 1627 640 1709; x_wconf 88' lang='lat' dir='ltr'>Neque</span> <span class='ocrx_word' id='word_1_55' title='bbox 664 1625 698 1689; x_wconf 91' lang='lat' dir='ltr'>id</span> <span class='ocrx_word' id='word_1_56' title='bbox 724 1625 858 1709; x_wconf 89' lang='lat' dir='ltr'>quidem</span> <span class='ocrx_word' id='word_1_57' title='bbox 883 1627 916 1689; x_wconf 93' lang='lat' dir='ltr'>in</span> <span class='ocrx_word' id='word_1_58' title='bbox 943 1629 1074 1707; x_wconf 82' lang='lat' dir='ltr'>angulo,</span> <span class='ocrx_word' id='word_1_59' title='bbox 1098 1627 1156 1690; x_wconf 88' lang='lat' dir='ltr'>sed</span> <span class='ocrx_word' id='word_1_60' title='bbox 1183 1648 1260 1690; x_wconf 91' lang='lat' dir='ltr'>con·</span> 
     </span>
     <span class='ocr_line' id='line_1_10' title="bbox 303 1724 1260 1809; baseline 0.003 -22"><span class='ocrx_word' id='word_1_61' title='bbox 303 1724 484 1790; x_wconf 86' lang='lat' dir='ltr'>sidentibus</span> <span class='ocrx_word' id='word_1_62' title='bbox 519 1728 679 1803; x_wconf 84' lang='lat' dir='ltr'>fratribus,</span> <span class='ocrx_word' id='word_1_63' title='bbox 717 1741 832 1790; x_wconf 89' lang='lat' dir='ltr'>sancto</span> <span class='ocrx_word' id='word_1_64' title='bbox 869 1728 1020 1809; x_wconf 81' lang='lat' dir='ltr'>Eugenio</span> <span class='ocrx_word' id='word_1_65' title='bbox 1057 1727 1260 1809; x_wconf 86' lang='lat' dir='ltr'>praesidente,</span> 
     </span>
     <span class='ocr_line' id='line_1_11' title="bbox 305 1826 1263 1912; baseline 0 -22"><span class='ocrx_word' id='word_1_66' title='bbox 305 1826 436 1912; x_wconf 90' lang='lat' dir='ltr'>quando</span> <span class='ocrx_word' id='word_1_67' title='bbox 450 1826 602 1892; x_wconf 78' lang='lat' dir='ltr'>adsersus</span> <span class='ocrx_word' id='word_1_68' title='bbox 616 1827 833 1891; x_wconf 89' lang='lat' dir='ltr'>innocentiam</span> <span class='ocrx_word' id='word_1_69' title='bbox 857 1848 960 1891; x_wconf 89' lang='lat' dir='ltr'>meam</span> <span class='ocrx_word' id='word_1_70' title='bbox 982 1828 1142 1891; x_wconf 78' lang='lat' dir='ltr'>Ferentini</span> <span class='ocrx_word' id='word_1_71' title='bbox 1166 1828 1263 1910; x_wconf 78' lang='lat' dir='ltr'>gratis</span> 
     </span>
     <span class='ocr_line' id='line_1_12' title="bbox 304 1925 1261 2012; baseline 0.001 -21"><span class='ocrx_word' id='word_1_72' title='bbox 304 1928 558 2007; x_wconf 78' lang='lat' dir='ltr'>excanduerant,</span> <span class='ocrx_word' id='word_1_73' title='bbox 580 1925 642 1991; x_wconf 94' lang='lat' dir='ltr'>boc</span> <span class='ocrx_word' id='word_1_74' title='bbox 669 1928 801 2012; x_wconf 91' lang='lat' dir='ltr'>publice</span> <span class='ocrx_word' id='word_1_75' title='bbox 827 1939 1022 2011; x_wconf 83' lang='lat' dir='ltr'>protestatus</span> <span class='ocrx_word' id='word_1_76' title='bbox 1048 1940 1105 1993; x_wconf 88' lang='lat' dir='ltr'>est.</span> <span class='ocrx_word' id='word_1_77' title='bbox 1152 1930 1261 1993; x_wconf 89' lang='lat' dir='ltr'>Unum</span> 
     </span>
     <span class='ocr_line' id='line_1_13' title="bbox 304 2027 1260 2113; baseline 0.003 -23"><span class='ocrx_word' id='word_1_78' title='bbox 304 2039 413 2091; x_wconf 87' lang='lat' dir='ltr'>tamen</span> <span class='ocrx_word' id='word_1_79' title='bbox 428 2027 583 2092; x_wconf 86' lang='lat' dir='ltr'>audacter</span> <span class='ocrx_word' id='word_1_80' title='bbox 598 2028 797 2091; x_wconf 87' lang='lat' dir='ltr'>conscientia</span> <span class='ocrx_word' id='word_1_81' title='bbox 811 2040 894 2092; x_wconf 88' lang='lat' dir='ltr'>teste</span> <span class='ocrx_word' id='word_1_82' title='bbox 910 2028 1076 2113; x_wconf 86' lang='lat' dir='ltr'>profiteor,</span> <span class='ocrx_word' id='word_1_83' title='bbox 1092 2030 1169 2112; x_wconf 92' lang='lat' dir='ltr'>quia</span> <span class='ocrx_word' id='word_1_84' title='bbox 1183 2050 1260 2093; x_wconf 90' lang='lat' dir='ltr'>nus·</span> 
     </span>
     <span class='ocr_line' id='line_1_14' title="bbox 304 2130 1261 2215; baseline -0.001 -20"><span class='ocrx_word' id='word_1_85' title='bbox 304 2152 401 2214; x_wconf 90' lang='lat' dir='ltr'>quam</span> <span class='ocrx_word' id='word_1_86' title='bbox 417 2131 616 2194; x_wconf 86' lang='lat' dir='ltr'>honestiores</span> <span class='ocrx_word' id='word_1_87' title='bbox 632 2130 765 2194; x_wconf 90' lang='lat' dir='ltr'>clericos</span> <span class='ocrx_word' id='word_1_88' title='bbox 782 2130 857 2209; x_wconf 86' lang='lat' dir='ltr'>vidi,</span> <span class='ocrx_word' id='word_1_89' title='bbox 872 2152 967 2215; x_wconf 88' lang='lat' dir='ltr'>quam</span> <span class='ocrx_word' id='word_1_90' title='bbox 989 2132 1022 2193; x_wconf 92' lang='lat' dir='ltr'>in</span> <span class='ocrx_word' id='word_1_91' title='bbox 1040 2131 1178 2195; x_wconf 89' lang='lat' dir='ltr'>ecclesia</span> <span class='ocrx_word' id='word_1_92' title='bbox 1194 2133 1261 2194; x_wconf 79' lang='lat' dir='ltr'>no-</span> 
     </span>
     <span class='ocr_line' id='line_1_15' title="bbox 307 2231 1262 2315; baseline 0 -19"><span class='ocrx_word' id='word_1_93' title='bbox 307 2252 413 2309; x_wconf 87' lang='lat' dir='ltr'>mana,</span> <span class='ocrx_word' id='word_1_94' title='bbox 438 2240 494 2295; x_wconf 90' lang='lat' dir='ltr'>aut</span> <span class='ocrx_word' id='word_1_95' title='bbox 519 2232 574 2315; x_wconf 92' lang='lat' dir='ltr'>qni</span> <span class='ocrx_word' id='word_1_96' title='bbox 601 2231 704 2312; x_wconf 82' lang='lat' dir='ltr'>magis</span> <span class='ocrx_word' id='word_1_97' title='bbox 729 2231 892 2294; x_wconf 85' lang='lat' dir='ltr'>avaritiam</span> <span class='ocrx_word' id='word_1_98' title='bbox 918 2231 1129 2296; x_wconf 83' lang='lat' dir='ltr'>detestentur.</span> <span class='ocrx_word' id='word_1_99' title='bbox 1180 2233 1262 2305; x_wconf 87' lang='lat' dir='ltr'>Quis</span> 
     </span>
     <span class='ocr_line' id='line_1_16' title="bbox 307 2335 1260 2411; baseline 0.001 -12"><span class='ocrx_word' id='word_1_100' title='bbox 307 2335 466 2400; x_wconf 86' lang='lat' dir='ltr'>Bernardi</span> <span class='ocrx_word' id='word_1_101' title='bbox 486 2335 701 2411; x_wconf 88' lang='lat' dir='ltr'>Redonensis,</span> <span class='ocrx_word' id='word_1_102' title='bbox 716 2344 898 2398; x_wconf 87' lang='lat' dir='ltr'>sanctorum</span> <span class='ocrx_word' id='word_1_103' title='bbox 915 2335 1042 2399; x_wconf 86' lang='lat' dir='ltr'>Cosmae</span> <span class='ocrx_word' id='word_1_104' title='bbox 1062 2350 1095 2399; x_wconf 90' lang='lat' dir='ltr'>et</span> <span class='ocrx_word' id='word_1_105' title='bbox 1110 2336 1260 2400; x_wconf 87' lang='lat' dir='ltr'>Damiani</span> 
     </span>
     <span class='ocr_line' id='line_1_17' title="bbox 305 2436 1258 2521; baseline 0.001 -20"><span class='ocrx_word' id='word_1_106' title='bbox 305 2438 439 2502; x_wconf 92' lang='lat' dir='ltr'>diaconi</span> <span class='ocrx_word' id='word_1_107' title='bbox 460 2436 640 2501; x_wconf 78' lang='lat' dir='ltr'>cardinalis</span> <span class='ocrx_word' id='word_1_108' title='bbox 662 2437 905 2514; x_wconf 87' lang='lat' dir='ltr'>continentiam,</span> <span class='ocrx_word' id='word_1_109' title='bbox 928 2447 1179 2521; x_wconf 86' lang='lat' dir='ltr'>contentumque</span> <span class='ocrx_word' id='word_1_110' title='bbox 1202 2459 1258 2520; x_wconf 89' lang='lat' dir='ltr'>pe·</span> 
     </span>
     <span class='ocr_line' id='line_1_18' title="bbox 308 2535 1262 2620; baseline -0.001 -18"><span class='ocrx_word' id='word_1_111' title='bbox 308 2539 425 2616; x_wconf 86' lang='lat' dir='ltr'>cuniae,</span> <span class='ocrx_word' id='word_1_112' title='bbox 435 2559 502 2601; x_wconf 93' lang='lat' dir='ltr'>uon</span> <span class='ocrx_word' id='word_1_113' title='bbox 518 2535 665 2601; x_wconf 80' lang='lat' dir='ltr'>miretur?</span> <span class='ocrx_word' id='word_1_114' title='bbox 691 2536 843 2600; x_wconf 91' lang='lat' dir='ltr'>Nondum</span> <span class='ocrx_word' id='word_1_115' title='bbox 859 2548 954 2600; x_wconf 88' lang='lat' dir='ltr'>natus</span> <span class='ocrx_word' id='word_1_116' title='bbox 969 2546 1018 2600; x_wconf 88' lang='lat' dir='ltr'>est</span> <span class='ocrx_word' id='word_1_117' title='bbox 1033 2559 1052 2600; x_wconf 93' lang='lat' dir='ltr'>a</span> <span class='ocrx_word' id='word_1_118' title='bbox 1068 2559 1131 2620; x_wconf 93' lang='lat' dir='ltr'>quo</span> <span class='ocrx_word' id='word_1_119' title='bbox 1145 2559 1262 2601; x_wconf 90' lang='lat' dir='ltr'>munus</span> 
     </span>
     <span class='ocr_line' id='line_1_19' title="bbox 309 2638 1263 2726; baseline -0.005 -20"><span class='ocrx_word' id='word_1_120' title='bbox 309 2642 482 2726; x_wconf 86' lang='lat' dir='ltr'>acceperit.</span> <span class='ocrx_word' id='word_1_121' title='bbox 526 2640 623 2714; x_wconf 90' lang='lat' dir='ltr'>Quod</span> <span class='ocrx_word' id='word_1_122' title='bbox 643 2649 748 2704; x_wconf 90' lang='lat' dir='ltr'>tamen</span> <span class='ocrx_word' id='word_1_123' title='bbox 766 2661 784 2703; x_wconf 88' lang='lat' dir='ltr'>a</span> <span class='ocrx_word' id='word_1_124' title='bbox 800 2639 1027 2703; x_wconf 88' lang='lat' dir='ltr'>communione</span> <span class='ocrx_word' id='word_1_125' title='bbox 1046 2638 1176 2702; x_wconf 87' lang='lat' dir='ltr'>sratmm</span> <span class='ocrx_word' id='word_1_126' title='bbox 1197 2639 1263 2701; x_wconf 88' lang='lat' dir='ltr'>sin·</span> 
     </span>
     <span class='ocr_line' id='line_1_20' title="bbox 311 2740 1264 2827; baseline -0.006 -19"><span class='ocrx_word' id='word_1_127' title='bbox 311 2743 432 2808; x_wconf 80' lang='lat' dir='ltr'>cariore</span> <span class='ocrx_word' id='word_1_128' title='bbox 441 2742 515 2827; x_wconf 89' lang='lat' dir='ltr'>jure</span> <span class='ocrx_word' id='word_1_129' title='bbox 531 2742 749 2827; x_wconf 86' lang='lat' dir='ltr'>proveniebat,</span> <span class='ocrx_word' id='word_1_130' title='bbox 759 2740 919 2804; x_wconf 88' lang='lat' dir='ltr'>interdum</span> <span class='ocrx_word' id='word_1_131' title='bbox 931 2740 1077 2821; x_wconf 88' lang='lat' dir='ltr'>accipere</span> <span class='ocrx_word' id='word_1_132' title='bbox 1092 2759 1264 2823; x_wconf 83' lang='lat' dir='ltr'>persuasus</span> 
     </span>
     <span class='ocr_line' id='line_1_21' title="bbox 310 2839 1263 2927; baseline -0.006 -17"><span class='ocrx_word' id='word_1_133' title='bbox 310 2857 369 2910; x_wconf 85' lang='lat' dir='ltr'>est.</span> <span class='ocrx_word' id='word_1_134' title='bbox 413 2844 495 2918; x_wconf 84' lang='lat' dir='ltr'>Quis</span> <span class='ocrx_word' id='word_1_135' title='bbox 509 2864 574 2908; x_wconf 93' lang='lat' dir='ltr'>non</span> <span class='ocrx_word' id='word_1_136' title='bbox 590 2852 717 2927; x_wconf 89' lang='lat' dir='ltr'>stupeat</span> <span class='ocrx_word' id='word_1_137' title='bbox 731 2843 932 2925; x_wconf 89' lang='lat' dir='ltr'>Episcopum</span> <span class='ocrx_word' id='word_1_138' title='bbox 948 2839 1192 2917; x_wconf 75' lang='lat' dir='ltr'>Praenestinum,</span> <span class='ocrx_word' id='word_1_139' title='bbox 1207 2842 1263 2925; x_wconf 91' lang='lat' dir='ltr'>qui</span> 
     </span>
     <span class='ocr_line' id='line_1_22' title="bbox 308 2942 1260 3030; baseline -0.006 -19"><span class='ocrx_word' id='word_1_140' title='bbox 308 2948 493 3030; x_wconf 85' lang='lat' dir='ltr'>scrupulum</span> <span class='ocrx_word' id='word_1_141' title='bbox 516 2946 724 3010; x_wconf 69' lang='lat' dir='ltr'>conscientias</span> <span class='ocrx_word' id='word_1_142' title='bbox 747 2957 904 3014; x_wconf 88' lang='lat' dir='ltr'>metuens,</span> <span class='ocrx_word' id='word_1_143' title='bbox 920 2954 953 3006; x_wconf 89' lang='lat' dir='ltr'>et</span> <span class='ocrx_word' id='word_1_144' title='bbox 972 2965 991 3007; x_wconf 93' lang='lat' dir='ltr'>a</span> <span class='ocrx_word' id='word_1_145' title='bbox 1014 2942 1260 3026; x_wconf 90' lang='lat' dir='ltr'>participatione</span> 
     </span>
     <span class='ocr_line' id='line_1_23' title="bbox 310 3043 1265 3112; baseline -0.004 0"><span class='ocrx_word' id='word_1_146' title='bbox 310 3051 469 3112; x_wconf 91' lang='lat' dir='ltr'>bonorum</span> <span class='ocrx_word' id='word_1_147' title='bbox 501 3048 720 3110; x_wconf 88' lang='lat' dir='ltr'>communium</span> <span class='ocrx_word' id='word_1_148' title='bbox 750 3043 953 3109; x_wconf 86' lang='lat' dir='ltr'>abstinebat?</span> <span class='ocrx_word' id='word_1_149' title='bbox 1000 3044 1143 3108; x_wconf 91' lang='lat' dir='ltr'>Plurium</span> <span class='ocrx_word' id='word_1_150' title='bbox 1177 3053 1265 3108; x_wconf 88' lang='lat' dir='ltr'>tanta</span> 
     </span>
     <span class='ocr_line' id='line_1_24' title="bbox 310 3144 1264 3231; baseline -0.007 -17"><span class='ocrx_word' id='word_1_151' title='bbox 310 3149 479 3226; x_wconf 88' lang='lat' dir='ltr'>modestia,</span> <span class='ocrx_word' id='word_1_152' title='bbox 509 3159 597 3212; x_wconf 87' lang='lat' dir='ltr'>tanta</span> <span class='ocrx_word' id='word_1_153' title='bbox 625 3149 762 3231; x_wconf 79' lang='lat' dir='ltr'>gravitas</span> <span class='ocrx_word' id='word_1_154' title='bbox 791 3158 850 3224; x_wconf 90' lang='lat' dir='ltr'>est,</span> <span class='ocrx_word' id='word_1_155' title='bbox 878 3159 914 3209; x_wconf 92' lang='lat' dir='ltr'>ut</span> <span class='ocrx_word' id='word_1_156' title='bbox 944 3144 1091 3209; x_wconf 88' lang='lat' dir='ltr'>Fabricio</span> <span class='ocrx_word' id='word_1_157' title='bbox 1120 3167 1186 3209; x_wconf 91' lang='lat' dir='ltr'>non</span> <span class='ocrx_word' id='word_1_158' title='bbox 1216 3147 1264 3209; x_wconf 89' lang='lat' dir='ltr'>in·</span> 
     </span>
     <span class='ocr_line' id='line_1_25' title="bbox 309 3245 1266 3333; baseline -0.002 -21"><span class='ocrx_word' id='word_1_159' title='bbox 309 3250 478 3314; x_wconf 82' lang='lat' dir='ltr'>veniantur</span> <span class='ocrx_word' id='word_1_160' title='bbox 500 3249 675 3327; x_wconf 81' lang='lat' dir='ltr'>inferiores,</span> <span class='ocrx_word' id='word_1_161' title='bbox 695 3270 801 3333; x_wconf 90' lang='lat' dir='ltr'>quem,</span> <span class='ocrx_word' id='word_1_162' title='bbox 816 3247 927 3328; x_wconf 81' lang='lat' dir='ltr'>agnita</span> <span class='ocrx_word' id='word_1_163' title='bbox 949 3245 1062 3308; x_wconf 90' lang='lat' dir='ltr'>salutis</span> <span class='ocrx_word' id='word_1_164' title='bbox 1084 3246 1146 3324; x_wconf 83' lang='lat' dir='ltr'>ria,</span> <span class='ocrx_word' id='word_1_165' title='bbox 1160 3246 1266 3310; x_wconf 90' lang='lat' dir='ltr'>modis</span> 
     </span>
     <span class='ocr_line' id='line_1_26' title="bbox 310 3348 1262 3432; baseline -0.004 -19"><span class='ocrx_word' id='word_1_166' title='bbox 310 3351 459 3414; x_wconf 90' lang='lat' dir='ltr'>omnibns</span> <span class='ocrx_word' id='word_1_167' title='bbox 481 3350 685 3414; x_wconf 88' lang='lat' dir='ltr'>antecedunt.</span> <span class='ocrx_word' id='word_1_168' title='bbox 730 3350 814 3423; x_wconf 88' lang='lat' dir='ltr'>Quia</span> <span class='ocrx_word' id='word_1_169' title='bbox 836 3369 913 3430; x_wconf 83' lang='lat' dir='ltr'>ergo</span> <span class='ocrx_word' id='word_1_170' title='bbox 935 3348 1045 3424; x_wconf 87' lang='lat' dir='ltr'>instas,</span> <span class='ocrx_word' id='word_1_171' title='bbox 1060 3368 1165 3430; x_wconf 83' lang='lat' dir='ltr'>urges,</span> <span class='ocrx_word' id='word_1_172' title='bbox 1183 3369 1262 3432; x_wconf 84' lang='lat' dir='ltr'>prae-</span> 
     </span>
     <span class='ocr_line' id='line_1_27' title="bbox 312 3447 1264 3534; baseline -0.002 -20"><span class='ocrx_word' id='word_1_173' title='bbox 312 3450 406 3534; x_wconf 89' lang='lat' dir='ltr'>cipis,</span> <span class='ocrx_word' id='word_1_174' title='bbox 428 3471 527 3534; x_wconf 89' lang='lat' dir='ltr'>quum</span> <span class='ocrx_word' id='word_1_175' title='bbox 542 3460 664 3515; x_wconf 89' lang='lat' dir='ltr'>certum</span> <span class='ocrx_word' id='word_1_176' title='bbox 687 3450 729 3513; x_wconf 88' lang='lat' dir='ltr'>sit</span> <span class='ocrx_word' id='word_1_177' title='bbox 751 3448 837 3533; x_wconf 92' lang='lat' dir='ltr'>quod</span> <span class='ocrx_word' id='word_1_178' title='bbox 853 3447 989 3530; x_wconf 86' lang='lat' dir='ltr'>Spiritui</span> <span class='ocrx_word' id='word_1_179' title='bbox 1011 3458 1122 3511; x_wconf 86' lang='lat' dir='ltr'>sancto</span> <span class='ocrx_word' id='word_1_180' title='bbox 1138 3449 1264 3512; x_wconf 86' lang='lat' dir='ltr'>mentiri</span> 
     </span>
     <span class='ocr_line' id='line_1_28' title="bbox 311 3549 1263 3634; baseline 0 -20"><span class='ocrx_word' id='word_1_181' title='bbox 311 3572 377 3615; x_wconf 90' lang='lat' dir='ltr'>non</span> <span class='ocrx_word' id='word_1_182' title='bbox 396 3551 485 3629; x_wconf 88' lang='lat' dir='ltr'>licet,</span> <span class='ocrx_word' id='word_1_183' title='bbox 499 3551 608 3627; x_wconf 84' lang='lat' dir='ltr'>fateor,</span> <span class='ocrx_word' id='word_1_184' title='bbox 623 3551 699 3634; x_wconf 91' lang='lat' dir='ltr'>qnia</span> <span class='ocrx_word' id='word_1_185' title='bbox 719 3549 806 3633; x_wconf 93' lang='lat' dir='ltr'>quod</span> <span class='ocrx_word' id='word_1_186' title='bbox 829 3549 991 3633; x_wconf 72' lang='lat' dir='ltr'>precipis,</span> <span class='ocrx_word' id='word_1_187' title='bbox 1008 3549 1189 3614; x_wconf 81' lang='lat' dir='ltr'>iaciendum</span> <span class='ocrx_word' id='word_1_188' title='bbox 1205 3564 1263 3627; x_wconf 87' lang='lat' dir='ltr'>est,</span> 
     </span>
     <span class='ocr_line' id='line_1_29' title="bbox 312 3650 1263 3735; baseline -0.003 -18"><span class='ocrx_word' id='word_1_189' title='bbox 312 3653 371 3717; x_wconf 86' lang='lat' dir='ltr'>etsi</span> <span class='ocrx_word' id='word_1_190' title='bbox 391 3674 456 3716; x_wconf 93' lang='lat' dir='ltr'>non</span> <span class='ocrx_word' id='word_1_191' title='bbox 477 3652 547 3715; x_wconf 89' lang='lat' dir='ltr'>sitis</span> <span class='ocrx_word' id='word_1_192' title='bbox 567 3652 717 3715; x_wconf 88' lang='lat' dir='ltr'>omnibus</span> <span class='ocrx_word' id='word_1_193' title='bbox 731 3651 882 3733; x_wconf 90' lang='lat' dir='ltr'>operibus</span> <span class='ocrx_word' id='word_1_194' title='bbox 902 3650 1058 3714; x_wconf 87' lang='lat' dir='ltr'>imitandi.</span> <span class='ocrx_word' id='word_1_195' title='bbox 1106 3652 1190 3716; x_wconf 90' lang='lat' dir='ltr'>Nam</span> <span class='ocrx_word' id='word_1_196' title='bbox 1207 3653 1263 3735; x_wconf 94' lang='lat' dir='ltr'>qui</span> 
     </span>
     <span class='ocr_line' id='line_1_30' title="bbox 311 3751 1264 3829; baseline 0 -13"><span class='ocrx_word' id='word_1_197' title='bbox 311 3774 331 3816; x_wconf 91' lang='lat' dir='ltr'>a</span> <span class='ocrx_word' id='word_1_198' title='bbox 345 3752 494 3816; x_wconf 86' lang='lat' dir='ltr'>doctrina</span> <span class='ocrx_word' id='word_1_199' title='bbox 508 3763 607 3815; x_wconf 82' lang='lat' dir='ltr'>restra</span> <span class='ocrx_word' id='word_1_200' title='bbox 620 3751 777 3828; x_wconf 87' lang='lat' dir='ltr'>dissentit,</span> <span class='ocrx_word' id='word_1_201' title='bbox 787 3762 842 3814; x_wconf 89' lang='lat' dir='ltr'>aut</span> <span class='ocrx_word' id='word_1_202' title='bbox 851 3751 1031 3829; x_wconf 87' lang='lat' dir='ltr'>baereticus,</span> <span class='ocrx_word' id='word_1_203' title='bbox 1042 3760 1096 3814; x_wconf 87' lang='lat' dir='ltr'>ant</span> <span class='ocrx_word' id='word_1_204' title='bbox 1111 3752 1264 3816; x_wconf 87' lang='lat' dir='ltr'>schisma·</span> 
     </span>
     <span class='ocr_line' id='line_1_31' title="bbox 311 3849 1264 3933; baseline 0 -18"><span class='ocrx_word' id='word_1_205' title='bbox 311 3850 394 3915; x_wconf 85' lang='lat' dir='ltr'>tiens</span> <span class='ocrx_word' id='word_1_206' title='bbox 408 3861 467 3914; x_wconf 89' lang='lat' dir='ltr'>est.</span> <span class='ocrx_word' id='word_1_207' title='bbox 514 3849 579 3914; x_wconf 86' lang='lat' dir='ltr'>Sed</span> <span class='ocrx_word' id='word_1_208' title='bbox 600 3852 671 3913; x_wconf 87' lang='lat' dir='ltr'>Deo</span> <span class='ocrx_word' id='word_1_209' title='bbox 692 3850 841 3933; x_wconf 88' lang='lat' dir='ltr'>propitio,</span> <span class='ocrx_word' id='word_1_210' title='bbox 857 3859 933 3913; x_wconf 93' lang='lat' dir='ltr'>sunt</span> <span class='ocrx_word' id='word_1_211' title='bbox 955 3851 1011 3932; x_wconf 93' lang='lat' dir='ltr'>qui</span> <span class='ocrx_word' id='word_1_212' title='bbox 1033 3871 1098 3912; x_wconf 93' lang='lat' dir='ltr'>non</span> <span class='ocrx_word' id='word_1_213' title='bbox 1121 3852 1264 3915; x_wconf 90' lang='lat' dir='ltr'>omnium</span> 
     </span>
     <span class='ocr_line' id='line_1_32' title="bbox 311 3951 1264 4035; baseline 0.001 -19"><span class='ocrx_word' id='word_1_214' title='bbox 311 3964 449 4016; x_wconf 86' lang='lat' dir='ltr'>restrum</span> <span class='ocrx_word' id='word_1_215' title='bbox 470 3972 567 4035; x_wconf 90' lang='lat' dir='ltr'>opera</span> <span class='ocrx_word' id='word_1_216' title='bbox 587 3951 759 4015; x_wconf 87' lang='lat' dir='ltr'>imitentur.</span> <span class='ocrx_word' id='word_1_217' title='bbox 805 3951 986 4014; x_wconf 87' lang='lat' dir='ltr'>Paucorum</span> <span class='ocrx_word' id='word_1_218' title='bbox 1003 3971 1079 4033; x_wconf 83' lang='lat' dir='ltr'>ergo</span> <span class='ocrx_word' id='word_1_219' title='bbox 1093 3953 1184 4016; x_wconf 87' lang='lat' dir='ltr'>labes</span> <span class='ocrx_word' id='word_1_220' title='bbox 1199 3955 1264 4017; x_wconf 90' lang='lat' dir='ltr'>sin·</span> 
     </span>
     <span class='ocr_line' id='line_1_33' title="bbox 311 4051 1262 4129; baseline 0.001 -13"><span class='ocrx_word' id='word_1_221' title='bbox 311 4054 393 4116; x_wconf 87' lang='lat' dir='ltr'>ceris</span> <span class='ocrx_word' id='word_1_222' title='bbox 417 4052 588 4129; x_wconf 87' lang='lat' dir='ltr'>maculam,</span> <span class='ocrx_word' id='word_1_223' title='bbox 607 4065 639 4114; x_wconf 89' lang='lat' dir='ltr'>et</span> <span class='ocrx_word' id='word_1_224' title='bbox 662 4051 833 4115; x_wconf 81' lang='lat' dir='ltr'>universali</span> <span class='ocrx_word' id='word_1_225' title='bbox 856 4052 1004 4115; x_wconf 73' lang='lat' dir='ltr'>ecciesiae</span> <span class='ocrx_word' id='word_1_226' title='bbox 1029 4052 1189 4116; x_wconf 85' lang='lat' dir='ltr'>infamiam</span> <span class='ocrx_word' id='word_1_227' title='bbox 1214 4054 1262 4117; x_wconf 93' lang='lat' dir='ltr'>in-</span> 
     </span>
     <span class='ocr_line' id='line_1_34' title="bbox 312 4152 1265 4237; baseline -0.004 -19"><span class='ocrx_word' id='word_1_228' title='bbox 312 4155 399 4236; x_wconf 74' lang='lat' dir='ltr'>gerit</span> <span class='ocrx_word' id='word_1_229' title='bbox 446 4155 492 4216; x_wconf 92' lang='lat' dir='ltr'>Et</span> <span class='ocrx_word' id='word_1_230' title='bbox 506 4175 578 4216; x_wconf 88' lang='lat' dir='ltr'>mea</span> <span class='ocrx_word' id='word_1_231' title='bbox 600 4154 751 4236; x_wconf 89' lang='lat' dir='ltr'>opinione</span> <span class='ocrx_word' id='word_1_232' title='bbox 766 4152 839 4215; x_wconf 87' lang='lat' dir='ltr'>ideo</span> <span class='ocrx_word' id='word_1_233' title='bbox 863 4154 1062 4237; x_wconf 86' lang='lat' dir='ltr'>frequentius</span> <span class='ocrx_word' id='word_1_234' title='bbox 1077 4155 1265 4231; x_wconf 86' lang='lat' dir='ltr'>moriuntur,</span> 
     </span>
     <span class='ocr_line' id='line_1_35' title="bbox 313 4253 1264 4338; baseline -0.001 -20"><span class='ocrx_word' id='word_1_235' title='bbox 313 4276 352 4319; x_wconf 91' lang='lat' dir='ltr'>ne</span> <span class='ocrx_word' id='word_1_236' title='bbox 380 4266 478 4320; x_wconf 90' lang='lat' dir='ltr'>totam</span> <span class='ocrx_word' id='word_1_237' title='bbox 504 4266 709 4338; x_wconf 89' lang='lat' dir='ltr'>corrumpant</span> <span class='ocrx_word' id='word_1_238' title='bbox 734 4255 912 4318; x_wconf 86' lang='lat' dir='ltr'>ecclesiam.</span> <span class='ocrx_word' id='word_1_239' title='bbox 958 4255 1023 4320; x_wconf 87' lang='lat' dir='ltr'>Sed</span> <span class='ocrx_word' id='word_1_240' title='bbox 1050 4264 1082 4317; x_wconf 89' lang='lat' dir='ltr'>et</span> <span class='ocrx_word' id='word_1_241' title='bbox 1111 4253 1188 4314; x_wconf 91' lang='lat' dir='ltr'>boni</span> <span class='ocrx_word' id='word_1_242' title='bbox 1217 4275 1264 4317; x_wconf 88' lang='lat' dir='ltr'>ra·</span> 
     </span>
     <span class='ocr_line' id='line_1_36' title="bbox 314 4352 1265 4440; baseline -0.002 -21"><span class='ocrx_word' id='word_1_243' title='bbox 314 4352 1265 4440; x_wconf 86' lang='lat' dir='ltr'>pianturinterdum,nemalitiaimmutentur,etqniaRoma</span> 
     </span>
    </p>
   </div>
   <div class='ocr_carea' id='block_1_4' title="bbox 0 0 1788 5467">
    <p class='ocr_par' dir='ltr' id='par_1_4' title="bbox 0 0 1788 5467">
     <span class='ocr_line' id='line_1_37' title="bbox 0 0 1788 5467; baseline 0 0"><span class='ocrx_word' id='word_1_244' title='bbox 0 0 1788 5467; x_wconf 95' lang='lat' dir='ltr'> </span> 
     </span>
    </p>
   </div>
  </div>
 </body>
</html>
