<?xml version="1.0" encoding="UTF-8"?>
<!DOCTYPE html PUBLIC "-//W3C//DTD XHTML 1.0 Transitional//EN"
    "http://www.w3.org/TR/xhtml1/DTD/xhtml1-transitional.dtd">
<html xmlns="http://www.w3.org/1999/xhtml" xml:lang="en" lang="en">
 <head>
  <title>
</title>
<meta http-equiv="Content-Type" content="text/html;charset=utf-8" />
  <meta name='ocr-system' content='tesseract 3.04.00' />
  <meta name='ocr-capabilities' content='ocr_page ocr_carea ocr_par ocr_line ocrx_word'/>
</head>
<body>
  <div class='ocr_page' id='page_1' title='image "./joannissaresber17johngoog_0014.png"; bbox 0 0 3550 5467; ppageno 0'>
   <div class='ocr_carea' id='block_1_1' title="bbox 507 741 1469 819">
    <p class='ocr_par' dir='ltr' id='par_1_1' title="bbox 507 741 1469 819">
     <span class='ocr_line' id='line_1_1' title="bbox 507 741 1469 819; baseline -0.005 -16"><span class='ocrx_word' id='word_1_1' title='bbox 507 749 525 803; x_wconf 77' lang='lat'>4</span> <span class='ocrx_word' id='word_1_2' title='bbox 773 759 911 804; x_wconf 70' lang='lat' dir='ltr'>suasura</span> <span class='ocrx_word' id='word_1_3' title='bbox 929 758 1201 802; x_wconf 76' lang='lat' dir='ltr'>saursuuuruusrs</span> <span class='ocrx_word' id='word_1_4' title='bbox 1325 741 1407 819; x_wconf 75' lang='lat' dir='ltr'>[ern.</span> <span class='ocrx_word' id='word_1_5' title='bbox 1425 755 1469 801; x_wconf 79' lang='lat' dir='ltr'>rr.</span> 
     </span>
    </p>
   </div>
   <div class='ocr_carea' id='block_1_2' title="bbox 506 909 1488 4409">
    <p class='ocr_par' dir='ltr' id='par_1_2' title="bbox 506 909 1488 4409">
     <span class='ocr_line' id='line_1_2' title="bbox 506 909 1471 997; baseline -0.004 -21"><span class='ocrx_word' id='word_1_6' title='bbox 506 914 562 997; x_wconf 89' lang='lat' dir='ltr'>jus</span> <span class='ocrx_word' id='word_1_7' title='bbox 588 910 677 986; x_wconf 91' lang='lat' dir='ltr'>dicit,</span> <span class='ocrx_word' id='word_1_8' title='bbox 703 912 812 974; x_wconf 87' lang='lat' dir='ltr'>habito</span> <span class='ocrx_word' id='word_1_9' title='bbox 841 923 946 974; x_wconf 89' lang='lat' dir='ltr'>tamen</span> <span class='ocrx_word' id='word_1_10' title='bbox 976 923 1124 994; x_wconf 90' lang='lat' dir='ltr'>respectu</span> <span class='ocrx_word' id='word_1_11' title='bbox 1155 933 1218 974; x_wconf 92' lang='lat' dir='ltr'>uon</span> <span class='ocrx_word' id='word_1_12' title='bbox 1244 911 1286 972; x_wconf 92' lang='lat' dir='ltr'>ad</span> <span class='ocrx_word' id='word_1_13' title='bbox 1315 911 1349 973; x_wconf 91' lang='lat' dir='ltr'>id</span> <span class='ocrx_word' id='word_1_14' title='bbox 1380 909 1471 993; x_wconf 93' lang='lat' dir='ltr'>quod</span> 
     </span>
     <span class='ocr_line' id='line_1_3' title="bbox 511 1012 1468 1095; baseline -0.004 -18"><span class='ocrx_word' id='word_1_15' title='bbox 511 1015 600 1090; x_wconf 89' lang='lat' dir='ltr'>sacit,</span> <span class='ocrx_word' id='word_1_16' title='bbox 615 1012 671 1075; x_wconf 86' lang='lat' dir='ltr'>sed</span> <span class='ocrx_word' id='word_1_17' title='bbox 687 1013 728 1076; x_wconf 91' lang='lat' dir='ltr'>ad</span> <span class='ocrx_word' id='word_1_18' title='bbox 745 1013 777 1075; x_wconf 93' lang='lat' dir='ltr'>id</span> <span class='ocrx_word' id='word_1_19' title='bbox 794 1013 880 1095; x_wconf 93' lang='lat' dir='ltr'>quod</span> <span class='ocrx_word' id='word_1_20' title='bbox 902 1014 1005 1076; x_wconf 90' lang='lat' dir='ltr'>facere</span> <span class='ocrx_word' id='word_1_21' title='bbox 1022 1014 1134 1077; x_wconf 89' lang='lat' dir='ltr'>debet:</span> <span class='ocrx_word' id='word_1_22' title='bbox 1159 1015 1254 1075; x_wconf 91' lang='lat' dir='ltr'>sicet</span> <span class='ocrx_word' id='word_1_23' title='bbox 1273 1013 1468 1095; x_wconf 90' lang='lat' dir='ltr'>publicanus</span> 
     </span>
     <span class='ocr_line' id='line_1_4' title="bbox 512 1112 1468 1196; baseline -0.003 -19"><span class='ocrx_word' id='word_1_24' title='bbox 512 1116 605 1177; x_wconf 87' lang='lat' dir='ltr'>etiam</span> <span class='ocrx_word' id='word_1_25' title='bbox 636 1135 733 1196; x_wconf 94' lang='lat' dir='ltr'>quum</span> <span class='ocrx_word' id='word_1_26' title='bbox 759 1112 928 1195; x_wconf 85' lang='lat' dir='ltr'>delinquit,</span> <span class='ocrx_word' id='word_1_27' title='bbox 955 1113 1010 1195; x_wconf 91' lang='lat' dir='ltr'>jus</span> <span class='ocrx_word' id='word_1_28' title='bbox 1037 1113 1160 1176; x_wconf 82' lang='lat' dir='ltr'>ridetur</span> <span class='ocrx_word' id='word_1_29' title='bbox 1189 1114 1333 1196; x_wconf 88' lang='lat' dir='ltr'>implere,</span> <span class='ocrx_word' id='word_1_30' title='bbox 1355 1113 1468 1174; x_wconf 87' lang='lat' dir='ltr'>habita</span> 
     </span>
     <span class='ocr_line' id='line_1_5' title="bbox 511 1214 1468 1296; baseline -0.003 -19"><span class='ocrx_word' id='word_1_31' title='bbox 511 1229 619 1277; x_wconf 82' lang='lat' dir='ltr'>tamen</span> <span class='ocrx_word' id='word_1_32' title='bbox 649 1214 745 1276; x_wconf 85' lang='lat' dir='ltr'>officii</span> <span class='ocrx_word' id='word_1_33' title='bbox 776 1235 839 1275; x_wconf 91' lang='lat' dir='ltr'>non</span> <span class='ocrx_word' id='word_1_34' title='bbox 871 1215 1002 1275; x_wconf 68' lang='lat' dir='ltr'>malitie</span> <span class='ocrx_word' id='word_1_35' title='bbox 1035 1216 1164 1277; x_wconf 90' lang='lat' dir='ltr'>ratione.</span> <span class='ocrx_word' id='word_1_36' title='bbox 1215 1215 1280 1277; x_wconf 85' lang='lat' dir='ltr'>Sed</span> <span class='ocrx_word' id='word_1_37' title='bbox 1309 1214 1387 1296; x_wconf 92' lang='lat' dir='ltr'>quid</span> <span class='ocrx_word' id='word_1_38' title='bbox 1417 1226 1468 1275; x_wconf 92' lang='lat' dir='ltr'>est</span> 
     </span>
     <span class='ocr_line' id='line_1_6' title="bbox 512 1312 1468 1396; baseline -0.002 -19"><span class='ocrx_word' id='word_1_39' title='bbox 512 1316 654 1378; x_wconf 89' lang='lat' dir='ltr'>officium</span> <span class='ocrx_word' id='word_1_40' title='bbox 670 1312 857 1395; x_wconf 86' lang='lat' dir='ltr'>publicani?</span> <span class='ocrx_word' id='word_1_41' title='bbox 897 1315 988 1376; x_wconf 91' lang='lat' dir='ltr'>Luca</span> <span class='ocrx_word' id='word_1_42' title='bbox 1010 1315 1163 1377; x_wconf 77' lang='lat' dir='ltr'><strong>referente</strong></span> <span class='ocrx_word' id='word_1_43' title='bbox 1184 1316 1364 1391; x_wconf 80' lang='lat' dir='ltr'>didicimus,</span> <span class='ocrx_word' id='word_1_44' title='bbox 1389 1316 1468 1396; x_wconf 91' lang='lat' dir='ltr'>quia</span> 
     </span>
     <span class='ocr_line' id='line_1_7' title="bbox 513 1414 1468 1499; baseline -0.001 -21"><span class='ocrx_word' id='word_1_45' title='bbox 513 1416 679 1499; x_wconf 90' lang='lat' dir='ltr'>publicani</span> <span class='ocrx_word' id='word_1_46' title='bbox 706 1427 860 1477; x_wconf 81' lang='lat' dir='ltr'>reuemut</span> <span class='ocrx_word' id='word_1_47' title='bbox 882 1414 923 1477; x_wconf 94' lang='lat' dir='ltr'>ad</span> <span class='ocrx_word' id='word_1_48' title='bbox 948 1416 1140 1491; x_wconf 84' lang='lat' dir='ltr'>Johannem,</span> <span class='ocrx_word' id='word_1_49' title='bbox 1166 1430 1201 1479; x_wconf 91' lang='lat' dir='ltr'>ut</span> <span class='ocrx_word' id='word_1_50' title='bbox 1230 1417 1468 1498; x_wconf 81' lang='lat' dir='ltr'>baptizarentur</span> 
     </span>
     <span class='ocr_line' id='line_1_8' title="bbox 515 1513 1469 1598; baseline -0.001 -20"><span class='ocrx_word' id='word_1_51' title='bbox 515 1516 557 1578; x_wconf 87' lang='lat' dir='ltr'>ab</span> <span class='ocrx_word' id='word_1_52' title='bbox 580 1534 635 1577; x_wconf 88' lang='lat' dir='ltr'>eo:</span> <span class='ocrx_word' id='word_1_53' title='bbox 661 1526 692 1576; x_wconf 91' lang='lat' dir='ltr'>et</span> <span class='ocrx_word' id='word_1_54' title='bbox 714 1513 874 1589; x_wconf 84' lang='lat' dir='ltr'>dixerunt,</span> <span class='ocrx_word' id='word_1_55' title='bbox 898 1514 1065 1595; x_wconf 85' lang='lat' dir='ltr'>Magister,</span> <span class='ocrx_word' id='word_1_56' title='bbox 1088 1515 1167 1598; x_wconf 92' lang='lat' dir='ltr'>quid</span> <span class='ocrx_word' id='word_1_57' title='bbox 1189 1513 1362 1577; x_wconf 81' lang='lat' dir='ltr'>faciemus?</span> <span class='ocrx_word' id='word_1_58' title='bbox 1402 1516 1469 1577; x_wconf 79' lang='lat' dir='ltr'>Re·</span> 
     </span>
     <span class='ocr_line' id='line_1_9' title="bbox 516 1612 1469 1699; baseline -0.005 -18"><span class='ocrx_word' id='word_1_59' title='bbox 516 1615 677 1699; x_wconf 85' lang='lat' dir='ltr'>spondeus</span> <span class='ocrx_word' id='word_1_60' title='bbox 698 1627 804 1677; x_wconf 88' lang='lat' dir='ltr'>autem</span> <span class='ocrx_word' id='word_1_61' title='bbox 827 1612 958 1677; x_wconf 92' lang='lat' dir='ltr'>dicebat</span> <span class='ocrx_word' id='word_1_62' title='bbox 980 1617 1063 1678; x_wconf 82' lang='lat' dir='ltr'>illis:</span> <span class='ocrx_word' id='word_1_63' title='bbox 1099 1616 1188 1677; x_wconf 90' lang='lat' dir='ltr'>Nihil</span> <span class='ocrx_word' id='word_1_64' title='bbox 1211 1615 1348 1696; x_wconf 91' lang='lat' dir='ltr'>amplius</span> <span class='ocrx_word' id='word_1_65' title='bbox 1370 1635 1469 1696; x_wconf 92' lang='lat' dir='ltr'>quam</span> 
     </span>
     <span class='ocr_line' id='line_1_10' title="bbox 516 1713 1468 1798; baseline -0.002 -20"><span class='ocrx_word' id='word_1_66' title='bbox 516 1713 603 1798; x_wconf 89' lang='lat' dir='ltr'>quod</span> <span class='ocrx_word' id='word_1_67' title='bbox 626 1714 832 1779; x_wconf 87' lang='lat' dir='ltr'>constitutum</span> <span class='ocrx_word' id='word_1_68' title='bbox 848 1724 899 1774; x_wconf 91' lang='lat' dir='ltr'>est</span> <span class='ocrx_word' id='word_1_69' title='bbox 915 1716 1006 1776; x_wconf 86' lang='lat' dir='ltr'>robis</span> <span class='ocrx_word' id='word_1_70' title='bbox 1022 1716 1168 1795; x_wconf 81' lang='lat' dir='ltr'>exigatis.</span> <span class='ocrx_word' id='word_1_71' title='bbox 1212 1716 1301 1776; x_wconf 87' lang='lat' dir='ltr'>Ecce</span> <span class='ocrx_word' id='word_1_72' title='bbox 1325 1715 1468 1777; x_wconf 88' lang='lat' dir='ltr'>officium</span> 
     </span>
     <span class='ocr_line' id='line_1_11' title="bbox 517 1813 1471 1898; baseline -0.004 -20"><span class='ocrx_word' id='word_1_73' title='bbox 517 1815 680 1898; x_wconf 89' lang='lat' dir='ltr'>publicani</span> <span class='ocrx_word' id='word_1_74' title='bbox 716 1813 844 1891; x_wconf 81' lang='lat' dir='ltr'>exigere</span> <span class='ocrx_word' id='word_1_75' title='bbox 875 1825 907 1874; x_wconf 89' lang='lat' dir='ltr'>et</span> <span class='ocrx_word' id='word_1_76' title='bbox 935 1815 1076 1894; x_wconf 85' lang='lat' dir='ltr'>recipere</span> <span class='ocrx_word' id='word_1_77' title='bbox 1106 1814 1194 1897; x_wconf 91' lang='lat' dir='ltr'>qnod</span> <span class='ocrx_word' id='word_1_78' title='bbox 1226 1827 1376 1876; x_wconf 86' lang='lat' dir='ltr'>statutum</span> <span class='ocrx_word' id='word_1_79' title='bbox 1410 1824 1471 1877; x_wconf 84' lang='lat' dir='ltr'>est.</span> 
     </span>
     <span class='ocr_line' id='line_1_12' title="bbox 516 1913 1472 1997; baseline 0.002 -21"><span class='ocrx_word' id='word_1_80' title='bbox 516 1913 679 1997; x_wconf 85' lang='lat' dir='ltr'>Quicquid</span> <span class='ocrx_word' id='word_1_81' title='bbox 695 1925 801 1974; x_wconf 89' lang='lat' dir='ltr'>autem</span> <span class='ocrx_word' id='word_1_82' title='bbox 818 1914 956 1995; x_wconf 87' lang='lat' dir='ltr'>amplius</span> <span class='ocrx_word' id='word_1_83' title='bbox 972 1924 1031 1988; x_wconf 91' lang='lat' dir='ltr'>est,</span> <span class='ocrx_word' id='word_1_84' title='bbox 1047 1917 1164 1976; x_wconf 91' lang='lat' dir='ltr'>amalo</span> <span class='ocrx_word' id='word_1_85' title='bbox 1189 1916 1349 1995; x_wconf 85' lang='lat' dir='ltr'>exigentis</span> <span class='ocrx_word' id='word_1_86' title='bbox 1367 1927 1418 1977; x_wconf 87' lang='lat' dir='ltr'>est</span> <span class='ocrx_word' id='word_1_87' title='bbox 1438 1927 1472 1978; x_wconf 87' lang='lat' dir='ltr'>et</span> 
     </span>
     <span class='ocr_line' id='line_1_13' title="bbox 518 2015 1472 2096; baseline 0.001 -18"><span class='ocrx_word' id='word_1_88' title='bbox 518 2015 719 2096; x_wconf 81' lang='lat' dir='ltr'>accipientis,</span> <span class='ocrx_word' id='word_1_89' title='bbox 734 2035 798 2074; x_wconf 94' lang='lat' dir='ltr'>uon</span> <span class='ocrx_word' id='word_1_90' title='bbox 815 2016 996 2095; x_wconf 64' lang='lat' dir='ltr'>praebentis.</span> <span class='ocrx_word' id='word_1_91' title='bbox 1043 2016 1118 2078; x_wconf 91' lang='lat' dir='ltr'>Hoc</span> <span class='ocrx_word' id='word_1_92' title='bbox 1142 2029 1247 2078; x_wconf 87' lang='lat' dir='ltr'>autem</span> <span class='ocrx_word' id='word_1_93' title='bbox 1267 2017 1310 2079; x_wconf 95' lang='lat' dir='ltr'>ad</span> <span class='ocrx_word' id='word_1_94' title='bbox 1327 2018 1472 2079; x_wconf 90' lang='lat' dir='ltr'>omnium</span> 
     </span>
     <span class='ocr_line' id='line_1_14' title="bbox 518 2113 1473 2195; baseline 0 -16"><span class='ocrx_word' id='word_1_95' title='bbox 518 2115 754 2195; x_wconf 80' lang='lat' dir='ltr'>magistratuum</span> <span class='ocrx_word' id='word_1_96' title='bbox 786 2113 938 2175; x_wconf 89' lang='lat' dir='ltr'>officiales</span> <span class='ocrx_word' id='word_1_97' title='bbox 968 2113 1150 2195; x_wconf 82' lang='lat' dir='ltr'>porrigitur,</span> <span class='ocrx_word' id='word_1_98' title='bbox 1179 2129 1214 2178; x_wconf 86' lang='lat' dir='ltr'>ut</span> <span class='ocrx_word' id='word_1_99' title='bbox 1243 2119 1284 2178; x_wconf 94' lang='lat' dir='ltr'>ab</span> <span class='ocrx_word' id='word_1_100' title='bbox 1314 2118 1360 2179; x_wconf 89' lang='lat' dir='ltr'>eis</span> <span class='ocrx_word' id='word_1_101' title='bbox 1389 2118 1473 2179; x_wconf 90' lang='lat' dir='ltr'>nihil</span> 
     </span>
     <span class='ocr_line' id='line_1_15' title="bbox 518 2214 1473 2300; baseline 0.002 -21"><span class='ocrx_word' id='word_1_102' title='bbox 518 2214 657 2298; x_wconf 87' lang='lat' dir='ltr'>amplius</span> <span class='ocrx_word' id='word_1_103' title='bbox 680 2214 834 2292; x_wconf 82' lang='lat' dir='ltr'>exigatur.</span> <span class='ocrx_word' id='word_1_104' title='bbox 880 2216 1086 2296; x_wconf 85' lang='lat' dir='ltr'>Appan&#39;tores</span> <span class='ocrx_word' id='word_1_105' title='bbox 1111 2217 1217 2300; x_wconf 91' lang='lat' dir='ltr'>itaque</span> <span class='ocrx_word' id='word_1_106' title='bbox 1242 2219 1378 2280; x_wconf 86' lang='lat' dir='ltr'>licenter</span> <span class='ocrx_word' id='word_1_107' title='bbox 1403 2220 1473 2280; x_wconf 85' lang='lat' dir='ltr'>exi·</span> 
     </span>
     <span class='ocr_line' id='line_1_16' title="bbox 519 2310 1475 2396; baseline 0.004 -21"><span class='ocrx_word' id='word_1_108' title='bbox 519 2321 613 2396; x_wconf 78' lang='lat' dir='ltr'>gunt,</span> <span class='ocrx_word' id='word_1_109' title='bbox 627 2310 715 2392; x_wconf 93' lang='lat' dir='ltr'>quod</span> <span class='ocrx_word' id='word_1_110' title='bbox 731 2311 778 2372; x_wconf 84' lang='lat' dir='ltr'>eis</span> <span class='ocrx_word' id='word_1_111' title='bbox 794 2310 927 2373; x_wconf 91' lang='lat' dir='ltr'>debetur</span> <span class='ocrx_word' id='word_1_112' title='bbox 949 2333 990 2373; x_wconf 83' lang='lat' dir='ltr'>ex</span> <span class='ocrx_word' id='word_1_113' title='bbox 1011 2314 1172 2394; x_wconf 84' lang='lat' dir='ltr'>sportulis,</span> <span class='ocrx_word' id='word_1_114' title='bbox 1188 2326 1221 2376; x_wconf 89' lang='lat' dir='ltr'>et</span> <span class='ocrx_word' id='word_1_115' title='bbox 1234 2317 1378 2378; x_wconf 90' lang='lat' dir='ltr'>omnium</span> <span class='ocrx_word' id='word_1_116' title='bbox 1393 2326 1475 2379; x_wconf 91' lang='lat' dir='ltr'>stra·</span> 
     </span>
     <span class='ocr_line' id='line_1_17' title="bbox 520 2410 1476 2499; baseline 0.003 -22"><span class='ocrx_word' id='word_1_117' title='bbox 520 2415 645 2477; x_wconf 86' lang='lat' dir='ltr'>tilatum</span> <span class='ocrx_word' id='word_1_118' title='bbox 661 2410 800 2486; x_wconf 89' lang='lat' dir='ltr'>ordines,</span> <span class='ocrx_word' id='word_1_119' title='bbox 815 2413 965 2474; x_wconf 88' lang='lat' dir='ltr'>salarium</span> <span class='ocrx_word' id='word_1_120' title='bbox 980 2415 1185 2478; x_wconf 88' lang='lat' dir='ltr'>constitutum</span> <span class='ocrx_word' id='word_1_121' title='bbox 1196 2416 1282 2499; x_wconf 90' lang='lat' dir='ltr'>juste</span> <span class='ocrx_word' id='word_1_122' title='bbox 1298 2418 1476 2499; x_wconf 87' lang='lat' dir='ltr'>accipiunt.</span> 
     </span>
     <span class='ocr_line' id='line_1_18' title="bbox 522 2515 1477 2599; baseline 0.004 -21"><span class='ocrx_word' id='word_1_123' title='bbox 522 2516 703 2579; x_wconf 84' lang='lat' dir='ltr'>Concutere</span> <span class='ocrx_word' id='word_1_124' title='bbox 716 2524 820 2574; x_wconf 88' lang='lat' dir='ltr'>tamen</span> <span class='ocrx_word' id='word_1_125' title='bbox 833 2527 864 2575; x_wconf 91' lang='lat' dir='ltr'>et</span> <span class='ocrx_word' id='word_1_126' title='bbox 875 2534 990 2576; x_wconf 85' lang='lat' dir='ltr'>vexare</span> <span class='ocrx_word' id='word_1_127' title='bbox 1006 2536 1069 2576; x_wconf 89' lang='lat' dir='ltr'>uon</span> <span class='ocrx_word' id='word_1_128' title='bbox 1082 2515 1169 2593; x_wconf 91' lang='lat' dir='ltr'>licet,</span> <span class='ocrx_word' id='word_1_129' title='bbox 1179 2529 1214 2579; x_wconf 90' lang='lat' dir='ltr'>ut</span> <span class='ocrx_word' id='word_1_130' title='bbox 1225 2531 1477 2599; x_wconf 88' lang='lat' dir='ltr'>extorqueantur</span> 
     </span>
     <span class='ocr_line' id='line_1_19' title="bbox 522 2614 1477 2696; baseline 0.002 -16"><span class='ocrx_word' id='word_1_131' title='bbox 522 2631 554 2681; x_wconf 83' lang='lat' dir='ltr'>et</span> <span class='ocrx_word' id='word_1_132' title='bbox 569 2634 710 2677; x_wconf 83' lang='lat' dir='ltr'>munera.</span> <span class='ocrx_word' id='word_1_133' title='bbox 744 2614 845 2693; x_wconf 86' lang='lat' dir='ltr'>Ignis,</span> <span class='ocrx_word' id='word_1_134' title='bbox 860 2615 965 2696; x_wconf 88' lang='lat' dir='ltr'>iuquit</span> <span class='ocrx_word' id='word_1_135' title='bbox 980 2615 1090 2679; x_wconf 86' lang='lat' dir='ltr'>beatus</span> <span class='ocrx_word' id='word_1_136' title='bbox 1104 2618 1180 2694; x_wconf 85' lang='lat' dir='ltr'>Job,</span> <span class='ocrx_word' id='word_1_137' title='bbox 1192 2617 1355 2681; x_wconf 88' lang='lat' dir='ltr'>devorabit</span> <span class='ocrx_word' id='word_1_138' title='bbox 1371 2621 1477 2682; x_wconf 87' lang='lat' dir='ltr'>taber-</span> 
     </span>
     <span class='ocr_line' id='line_1_20' title="bbox 521 2714 1476 2800; baseline 0.002 -22"><span class='ocrx_word' id='word_1_139' title='bbox 521 2716 638 2781; x_wconf 91' lang='lat' dir='ltr'>nacula</span> <span class='ocrx_word' id='word_1_140' title='bbox 653 2735 772 2790; x_wconf 91' lang='lat' dir='ltr'>eornm,</span> <span class='ocrx_word' id='word_1_141' title='bbox 788 2714 843 2796; x_wconf 94' lang='lat' dir='ltr'>qui</span> <span class='ocrx_word' id='word_1_142' title='bbox 859 2736 991 2776; x_wconf 88' lang='lat' dir='ltr'>munera</span> <span class='ocrx_word' id='word_1_143' title='bbox 1010 2715 1145 2777; x_wconf 86' lang='lat' dir='ltr'>libenter</span> <span class='ocrx_word' id='word_1_144' title='bbox 1167 2718 1339 2800; x_wconf 89' lang='lat' dir='ltr'>accipiunt.</span> <span class='ocrx_word' id='word_1_145' title='bbox 1387 2718 1476 2780; x_wconf 91' lang='lat' dir='ltr'>Cou-</span> 
     </span>
     <span class='ocr_line' id='line_1_21' title="bbox 522 2815 1476 2901; baseline 0.003 -21"><span class='ocrx_word' id='word_1_146' title='bbox 522 2818 610 2900; x_wconf 89' lang='lat' dir='ltr'>cepit</span> <span class='ocrx_word' id='word_1_147' title='bbox 632 2815 774 2877; x_wconf 91' lang='lat' dir='ltr'>dolorem</span> <span class='ocrx_word' id='word_1_148' title='bbox 797 2826 974 2877; x_wconf 82' lang='lat' dir='ltr'>concentus</span> <span class='ocrx_word' id='word_1_149' title='bbox 997 2836 1116 2893; x_wconf 91' lang='lat' dir='ltr'>eorum,</span> <span class='ocrx_word' id='word_1_150' title='bbox 1131 2830 1163 2879; x_wconf 89' lang='lat' dir='ltr'>et</span> <span class='ocrx_word' id='word_1_151' title='bbox 1177 2819 1302 2901; x_wconf 88' lang='lat' dir='ltr'>peperit</span> <span class='ocrx_word' id='word_1_152' title='bbox 1324 2819 1476 2900; x_wconf 87' lang='lat' dir='ltr'>iniquita-</span> 
     </span>
     <span class='ocr_line' id='line_1_22' title="bbox 523 2916 1477 2999; baseline 0.008 -20"><span class='ocrx_word' id='word_1_153' title='bbox 523 2928 598 2994; x_wconf 91' lang='lat' dir='ltr'>tem,</span> <span class='ocrx_word' id='word_1_154' title='bbox 621 2928 653 2979; x_wconf 85' lang='lat' dir='ltr'>et</span> <span class='ocrx_word' id='word_1_155' title='bbox 676 2928 784 2977; x_wconf 90' lang='lat' dir='ltr'>uterus</span> <span class='ocrx_word' id='word_1_156' title='bbox 806 2916 876 2997; x_wconf 87' lang='lat' dir='ltr'>ejus</span> <span class='ocrx_word' id='word_1_157' title='bbox 899 2932 1057 2999; x_wconf 85' lang='lat' dir='ltr'>praeparat</span> <span class='ocrx_word' id='word_1_158' title='bbox 1081 2917 1184 2980; x_wconf 88' lang='lat' dir='ltr'>dolos.</span> <span class='ocrx_word' id='word_1_159' title='bbox 1227 2920 1477 2987; x_wconf 89' lang='lat' dir='ltr'>Publicanorum</span> 
     </span>
     <span class='ocr_line' id='line_1_23' title="bbox 523 3016 1477 3100; baseline 0.003 -17"><span class='ocrx_word' id='word_1_160' title='bbox 523 3018 701 3083; x_wconf 89' lang='lat' dir='ltr'>omniurua</span> <span class='ocrx_word' id='word_1_161' title='bbox 721 3016 862 3078; x_wconf 86' lang='lat' dir='ltr'>maximo</span> <span class='ocrx_word' id='word_1_162' title='bbox 885 3040 986 3100; x_wconf 91' lang='lat' dir='ltr'>usque</span> <span class='ocrx_word' id='word_1_163' title='bbox 1009 3016 1050 3080; x_wconf 90' lang='lat' dir='ltr'>ad</span> <span class='ocrx_word' id='word_1_164' title='bbox 1073 3019 1238 3081; x_wconf 89' lang='lat' dir='ltr'>minimum</span> <span class='ocrx_word' id='word_1_165' title='bbox 1262 3035 1374 3095; x_wconf 77' lang='lat' dir='ltr'>cretus,</span> <span class='ocrx_word' id='word_1_166' title='bbox 1397 3044 1477 3086; x_wconf 89' lang='lat' dir='ltr'>cou-</span> 
     </span>
     <span class='ocr_line' id='line_1_24' title="bbox 524 3118 1478 3202; baseline 0.004 -18"><span class='ocrx_word' id='word_1_167' title='bbox 524 3118 665 3185; x_wconf 88' lang='lat' dir='ltr'>cussioni</span> <span class='ocrx_word' id='word_1_168' title='bbox 686 3139 772 3180; x_wconf 91' lang='lat' dir='ltr'>nunc</span> <span class='ocrx_word' id='word_1_169' title='bbox 795 3120 915 3200; x_wconf 88' lang='lat' dir='ltr'>potius,</span> <span class='ocrx_word' id='word_1_170' title='bbox 938 3141 1033 3202; x_wconf 88' lang='lat' dir='ltr'>quam</span> <span class='ocrx_word' id='word_1_171' title='bbox 1054 3118 1189 3202; x_wconf 74' lang='lat' dir='ltr'>justitiae</span> <span class='ocrx_word' id='word_1_172' title='bbox 1217 3132 1318 3193; x_wconf 75' lang='lat' dir='ltr'>vacat,</span> <span class='ocrx_word' id='word_1_173' title='bbox 1335 3124 1426 3185; x_wconf 88' lang='lat' dir='ltr'>etita</span> <span class='ocrx_word' id='word_1_174' title='bbox 1442 3127 1478 3188; x_wconf 92' lang='lat' dir='ltr'>in</span> 
     </span>
     <span class='ocr_line' id='line_1_25' title="bbox 522 3217 1475 3305; baseline 0.005 -23"><span class='ocrx_word' id='word_1_175' title='bbox 522 3221 678 3305; x_wconf 88' lang='lat' dir='ltr'>populum</span> <span class='ocrx_word' id='word_1_176' title='bbox 694 3217 921 3297; x_wconf 84' lang='lat' dir='ltr'>debacchatur,</span> <span class='ocrx_word' id='word_1_177' title='bbox 937 3232 972 3281; x_wconf 91' lang='lat' dir='ltr'>ut</span> <span class='ocrx_word' id='word_1_178' title='bbox 987 3221 1073 3303; x_wconf 93' lang='lat' dir='ltr'>quod</span> <span class='ocrx_word' id='word_1_179' title='bbox 1088 3222 1216 3304; x_wconf 89' lang='lat' dir='ltr'>reliquit</span> <span class='ocrx_word' id='word_1_180' title='bbox 1231 3244 1322 3297; x_wconf 91' lang='lat' dir='ltr'>uuus,</span> <span class='ocrx_word' id='word_1_181' title='bbox 1338 3223 1391 3284; x_wconf 90' lang='lat' dir='ltr'>alii</span> <span class='ocrx_word' id='word_1_182' title='bbox 1409 3246 1475 3288; x_wconf 91' lang='lat' dir='ltr'>uon</span> 
     </span>
     <span class='ocr_line' id='line_1_26' title="bbox 523 3320 1478 3407; baseline 0.006 -24"><span class='ocrx_word' id='word_1_183' title='bbox 523 3332 685 3384; x_wconf 91' lang='lat' dir='ltr'>morentur</span> <span class='ocrx_word' id='word_1_184' title='bbox 699 3320 830 3395; x_wconf 81' lang='lat' dir='ltr'>auterre,</span> <span class='ocrx_word' id='word_1_185' title='bbox 845 3341 883 3380; x_wconf 91' lang='lat' dir='ltr'>ac</span> <span class='ocrx_word' id='word_1_186' title='bbox 901 3321 926 3381; x_wconf 88' lang='lat' dir='ltr'>si</span> <span class='ocrx_word' id='word_1_187' title='bbox 937 3321 1033 3401; x_wconf 85' lang='lat' dir='ltr'>juxta</span> <span class='ocrx_word' id='word_1_188' title='bbox 1055 3324 1319 3403; x_wconf 88' lang='lat' dir='ltr'>conquestionem</span> <span class='ocrx_word' id='word_1_189' title='bbox 1340 3326 1478 3407; x_wconf 92' lang='lat' dir='ltr'>prophe·</span> 
     </span>
     <span class='ocr_line' id='line_1_27' title="bbox 525 3415 1479 3492; baseline 0.005 -9"><span class='ocrx_word' id='word_1_190' title='bbox 525 3421 621 3485; x_wconf 88' lang='lat' dir='ltr'>ticam</span> <span class='ocrx_word' id='word_1_191' title='bbox 648 3415 689 3478; x_wconf 92' lang='lat' dir='ltr'>ad</span> <span class='ocrx_word' id='word_1_192' title='bbox 714 3417 775 3478; x_wconf 92' lang='lat' dir='ltr'>boc</span> <span class='ocrx_word' id='word_1_193' title='bbox 802 3418 968 3479; x_wconf 90' lang='lat' dir='ltr'>constituti</span> <span class='ocrx_word' id='word_1_194' title='bbox 995 3419 1069 3492; x_wconf 85' lang='lat' dir='ltr'>siut,</span> <span class='ocrx_word' id='word_1_195' title='bbox 1097 3432 1132 3480; x_wconf 93' lang='lat' dir='ltr'>ut</span> <span class='ocrx_word' id='word_1_196' title='bbox 1157 3419 1318 3481; x_wconf 89' lang='lat' dir='ltr'>residuum</span> <span class='ocrx_word' id='word_1_197' title='bbox 1343 3423 1479 3488; x_wconf 75' lang='lat' dir='ltr'>locustae</span> 
     </span>
     <span class='ocr_line' id='line_1_28' title="bbox 527 3516 1480 3601; baseline 0.006 -19"><span class='ocrx_word' id='word_1_198' title='bbox 527 3516 675 3582; x_wconf 91' lang='lat' dir='ltr'>comedat</span> <span class='ocrx_word' id='word_1_199' title='bbox 696 3516 849 3578; x_wconf 84' lang='lat' dir='ltr'>bruchus.</span> <span class='ocrx_word' id='word_1_200' title='bbox 894 3517 940 3578; x_wconf 88' lang='lat' dir='ltr'>Et</span> <span class='ocrx_word' id='word_1_201' title='bbox 962 3530 997 3579; x_wconf 92' lang='lat' dir='ltr'>ut</span> <span class='ocrx_word' id='word_1_202' title='bbox 1018 3518 1066 3578; x_wconf 88' lang='lat' dir='ltr'>eis</span> <span class='ocrx_word' id='word_1_203' title='bbox 1088 3518 1129 3579; x_wconf 85' lang='lat' dir='ltr'>sit</span> <span class='ocrx_word' id='word_1_204' title='bbox 1150 3519 1250 3601; x_wconf 89' lang='lat' dir='ltr'>major</span> <span class='ocrx_word' id='word_1_205' title='bbox 1271 3521 1399 3586; x_wconf 89' lang='lat' dir='ltr'>licentia</span> <span class='ocrx_word' id='word_1_206' title='bbox 1422 3548 1480 3589; x_wconf 91' lang='lat' dir='ltr'>uo·</span> 
     </span>
     <span class='ocr_line' id='line_1_29' title="bbox 527 3616 1480 3705; baseline 0.004 -21"><span class='ocrx_word' id='word_1_207' title='bbox 527 3616 634 3690; x_wconf 88' lang='lat' dir='ltr'>cendi,</span> <span class='ocrx_word' id='word_1_208' title='bbox 650 3637 732 3678; x_wconf 87' lang='lat' dir='ltr'>unus</span> <span class='ocrx_word' id='word_1_209' title='bbox 747 3616 778 3679; x_wconf 92' lang='lat' dir='ltr'>in</span> <span class='ocrx_word' id='word_1_210' title='bbox 794 3637 828 3679; x_wconf 91' lang='lat' dir='ltr'>se</span> <span class='ocrx_word' id='word_1_211' title='bbox 848 3617 940 3698; x_wconf 90' lang='lat' dir='ltr'>plura</span> <span class='ocrx_word' id='word_1_212' title='bbox 959 3630 1128 3680; x_wconf 81' lang='lat' dir='ltr'>coacervat</span> <span class='ocrx_word' id='word_1_213' title='bbox 1149 3620 1265 3694; x_wconf 87' lang='lat' dir='ltr'>officia,</span> <span class='ocrx_word' id='word_1_214' title='bbox 1281 3634 1316 3682; x_wconf 84' lang='lat' dir='ltr'>ut</span> <span class='ocrx_word' id='word_1_215' title='bbox 1331 3624 1418 3705; x_wconf 92' lang='lat' dir='ltr'>quod</span> <span class='ocrx_word' id='word_1_216' title='bbox 1439 3629 1480 3688; x_wconf 92' lang='lat' dir='ltr'>ab</span> 
     </span>
     <span class='ocr_line' id='line_1_30' title="bbox 528 3718 1481 3809; baseline 0.004 -27"><span class='ocrx_word' id='word_1_217' title='bbox 528 3742 593 3783; x_wconf 92' lang='lat' dir='ltr'>nno</span> <span class='ocrx_word' id='word_1_218' title='bbox 608 3739 672 3780; x_wconf 93' lang='lat' dir='ltr'>nou</span> <span class='ocrx_word' id='word_1_219' title='bbox 689 3718 813 3799; x_wconf 89' lang='lat' dir='ltr'>accepit</span> <span class='ocrx_word' id='word_1_220' title='bbox 828 3718 947 3794; x_wconf 86' lang='lat' dir='ltr'>officio,</span> <span class='ocrx_word' id='word_1_221' title='bbox 963 3720 1051 3782; x_wconf 83' lang='lat' dir='ltr'>tollat</span> <span class='ocrx_word' id='word_1_222' title='bbox 1066 3722 1107 3781; x_wconf 94' lang='lat' dir='ltr'>ah</span> <span class='ocrx_word' id='word_1_223' title='bbox 1122 3721 1194 3782; x_wconf 92' lang='lat' dir='ltr'>alio.</span> <span class='ocrx_word' id='word_1_224' title='bbox 1239 3722 1384 3785; x_wconf 85' lang='lat' dir='ltr'>Tradunt</span> <span class='ocrx_word' id='word_1_225' title='bbox 1398 3727 1481 3809; x_wconf 81' lang='lat' dir='ltr'>phy·</span> 
     </span>
     <span class='ocr_line' id='line_1_31' title="bbox 529 3816 1482 3905; baseline 0.006 -22"><span class='ocrx_word' id='word_1_226' title='bbox 529 3819 656 3898; x_wconf 82' lang='lat' dir='ltr'>siologi,</span> <span class='ocrx_word' id='word_1_227' title='bbox 671 3816 759 3900; x_wconf 92' lang='lat' dir='ltr'>quod</span> <span class='ocrx_word' id='word_1_228' title='bbox 774 3839 816 3879; x_wconf 89' lang='lat' dir='ltr'>ex</span> <span class='ocrx_word' id='word_1_229' title='bbox 832 3820 956 3881; x_wconf 91' lang='lat' dir='ltr'>locusta</span> <span class='ocrx_word' id='word_1_230' title='bbox 971 3819 1111 3882; x_wconf 86' lang='lat' dir='ltr'>nascitur</span> <span class='ocrx_word' id='word_1_231' title='bbox 1130 3821 1281 3899; x_wconf 89' lang='lat' dir='ltr'>bruchus,</span> <span class='ocrx_word' id='word_1_232' title='bbox 1298 3822 1353 3905; x_wconf 91' lang='lat' dir='ltr'>qui</span> <span class='ocrx_word' id='word_1_233' title='bbox 1368 3825 1413 3886; x_wconf 91' lang='lat' dir='ltr'>ita</span> <span class='ocrx_word' id='word_1_234' title='bbox 1429 3849 1482 3889; x_wconf 82' lang='lat' dir='ltr'>ro·</span> 
     </span>
     <span class='ocr_line' id='line_1_32' title="bbox 531 3917 1483 3999; baseline 0.008 -18"><span class='ocrx_word' id='word_1_235' title='bbox 531 3930 622 3981; x_wconf 88' lang='lat' dir='ltr'>eatur</span> <span class='ocrx_word' id='word_1_236' title='bbox 635 3937 802 3999; x_wconf 89' lang='lat' dir='ltr'>quousque</span> <span class='ocrx_word' id='word_1_237' title='bbox 819 3917 886 3979; x_wconf 88' lang='lat' dir='ltr'>alas</span> <span class='ocrx_word' id='word_1_238' title='bbox 902 3919 1029 3981; x_wconf 82' lang='lat' dir='ltr'>haheat.</span> <span class='ocrx_word' id='word_1_239' title='bbox 1062 3918 1193 3981; x_wconf 88' lang='lat' dir='ltr'>Exinde</span> <span class='ocrx_word' id='word_1_240' title='bbox 1206 3925 1483 3989; x_wconf 87' lang='lat' dir='ltr'>succrescentibus</span> 
     </span>
     <span class='ocr_line' id='line_1_33' title="bbox 531 4017 1481 4099; baseline 0.007 -18"><span class='ocrx_word' id='word_1_241' title='bbox 531 4019 602 4095; x_wconf 90' lang='lat' dir='ltr'>alis,</span> <span class='ocrx_word' id='word_1_242' title='bbox 617 4037 690 4079; x_wconf 86' lang='lat' dir='ltr'>curu</span> <span class='ocrx_word' id='word_1_243' title='bbox 707 4017 838 4099; x_wconf 87' lang='lat' dir='ltr'>coeperit</span> <span class='ocrx_word' id='word_1_244' title='bbox 853 4019 993 4095; x_wconf 81' lang='lat' dir='ltr'>volitare,</span> <span class='ocrx_word' id='word_1_245' title='bbox 1009 4033 1139 4082; x_wconf 77' lang='lat' dir='ltr'>vocatur</span> <span class='ocrx_word' id='word_1_246' title='bbox 1154 4021 1328 4084; x_wconf 89' lang='lat' dir='ltr'>athelebus.</span> <span class='ocrx_word' id='word_1_247' title='bbox 1374 4024 1481 4096; x_wconf 88' lang='lat' dir='ltr'>Quum</span> 
     </span>
     <span class='ocr_line' id='line_1_34' title="bbox 532 4116 1482 4201; baseline 0.004 -18"><span class='ocrx_word' id='word_1_248' title='bbox 532 4120 618 4184; x_wconf 91' lang='lat' dir='ltr'>euim</span> <span class='ocrx_word' id='word_1_249' title='bbox 655 4116 839 4199; x_wconf 86' lang='lat' dir='ltr'>plenissime</span> <span class='ocrx_word' id='word_1_250' title='bbox 876 4120 982 4180; x_wconf 80' lang='lat' dir='ltr'>volare</span> <span class='ocrx_word' id='word_1_251' title='bbox 1016 4121 1142 4201; x_wconf 82' lang='lat' dir='ltr'>poterit,</span> <span class='ocrx_word' id='word_1_252' title='bbox 1175 4123 1311 4184; x_wconf 89' lang='lat' dir='ltr'>efficitur</span> <span class='ocrx_word' id='word_1_253' title='bbox 1347 4125 1482 4190; x_wconf 90' lang='lat' dir='ltr'>locusta.</span> 
     </span>
     <span class='ocr_line' id='line_1_35' title="bbox 533 4217 1484 4305; baseline 0.004 -20"><span class='ocrx_word' id='word_1_254' title='bbox 533 4223 655 4286; x_wconf 89' lang='lat' dir='ltr'>lterum</span> <span class='ocrx_word' id='word_1_255' title='bbox 676 4230 708 4280; x_wconf 86' lang='lat' dir='ltr'>et</span> <span class='ocrx_word' id='word_1_256' title='bbox 728 4217 826 4280; x_wconf 87' lang='lat' dir='ltr'>multo</span> <span class='ocrx_word' id='word_1_257' title='bbox 849 4220 972 4298; x_wconf 77' lang='lat' dir='ltr'>gravior</span> <span class='ocrx_word' id='word_1_258' title='bbox 996 4233 1045 4282; x_wconf 88' lang='lat' dir='ltr'>est</span> <span class='ocrx_word' id='word_1_259' title='bbox 1067 4220 1218 4297; x_wconf 89' lang='lat' dir='ltr'>bruchus,</span> <span class='ocrx_word' id='word_1_260' title='bbox 1233 4244 1325 4305; x_wconf 89' lang='lat' dir='ltr'>quam</span> <span class='ocrx_word' id='word_1_261' title='bbox 1349 4226 1484 4303; x_wconf 86' lang='lat' dir='ltr'>locusta,</span> 
     </span>
     <span class='ocr_line' id='line_1_36' title="bbox 534 4318 1488 4409; baseline 0.006 -25"><span class='ocrx_word' id='word_1_262' title='bbox 534 4332 567 4384; x_wconf 87' lang='lat' dir='ltr'>et</span> <span class='ocrx_word' id='word_1_263' title='bbox 596 4319 771 4392; x_wconf 85' lang='lat' dir='ltr'>athelebus,</span> <span class='ocrx_word' id='word_1_264' title='bbox 803 4318 877 4400; x_wconf 90' lang='lat' dir='ltr'>quia</span> <span class='ocrx_word' id='word_1_265' title='bbox 908 4319 936 4380; x_wconf 89' lang='lat' dir='ltr'>ei</span> <span class='ocrx_word' id='word_1_266' title='bbox 967 4318 1084 4381; x_wconf 85' lang='lat' dir='ltr'>desunt</span> <span class='ocrx_word' id='word_1_267' title='bbox 1106 4320 1176 4398; x_wconf 83' lang='lat' dir='ltr'>alae,</span> <span class='ocrx_word' id='word_1_268' title='bbox 1202 4343 1261 4384; x_wconf 82' lang='lat' dir='ltr'>nec</span> <span class='ocrx_word' id='word_1_269' title='bbox 1292 4326 1355 4387; x_wconf 84' lang='lat' dir='ltr'>cito</span> <span class='ocrx_word' id='word_1_270' title='bbox 1381 4339 1488 4409; x_wconf 85' lang='lat' dir='ltr'>potest</span> 
     </span>
    </p>
   </div>
   <div class='ocr_carea' id='block_1_3' title="bbox 0 0 1813 5467">
    <p class='ocr_par' dir='ltr' id='par_1_3' title="bbox 0 0 1813 5467">
     <span class='ocr_line' id='line_1_37' title="bbox 0 0 1813 5467; baseline 0 0"><span class='ocrx_word' id='word_1_271' title='bbox 0 0 1813 5467; x_wconf 95' lang='lat' dir='ltr'> </span> 
     </span>
    </p>
   </div>
  </div>
 </body>
</html>
