3550 5467
539 755 599 813 108
770 766 908 811 ioannis
923 764 1203 810 sansssunrsnsrs
1331 749 1416 828 [sus.
1431 767 1487 813 vn.

535 933 567 983 et
583 918 648 981 sine
664 941 728 1002 qna
744 918 786 981 nil
804 930 887 980 recte
903 917 986 979 inter
1002 916 1144 979 homines
1158 916 1225 1000 geri
1242 929 1358 1002 potest.
1397 918 1485 981 Sicut

534 1033 639 1083 autem
656 1019 770 1081 morari
786 1019 817 1080 in
836 1017 1131 1103 justificationibus,
1146 1017 1179 1082 id
1195 1032 1243 1080 est
1258 1018 1290 1080 in
1306 1018 1485 1104 expletione

535 1118 756 1182 mandatorum
780 1119 850 1192 Dei,
867 1119 1040 1203 sapientem
1064 1119 1152 1193 lacit,
1169 1124 1255 1195 (nam
1278 1132 1310 1182 et
1328 1119 1485 1205 propheta

532 1219 628 1283 dicit:
653 1224 682 1284 A
693 1218 850 1282 mandatis
861 1219 926 1283 tuis
940 1218 1094 1299 intellexi)
1110 1221 1154 1282 sio
1165 1220 1305 1282 animum
1319 1221 1485 1306 explendis

533 1335 655 1407 aptare,
678 1343 716 1383 ea
740 1321 869 1384 demum
901 1318 1103 1405 philosophia
1128 1321 1289 1384 verissima
1317 1334 1378 1385 est.
1423 1321 1482 1384 Sed

533 1436 608 1486 sunt
635 1422 690 1507 qui
717 1421 858 1484 nondum
885 1420 1028 1505 explent,
1050 1434 1106 1485 aut
1128 1433 1282 1506 aptantur
1307 1421 1483 1507 explendis,

534 1523 713 1609 approbant
737 1537 855 1598 tamen,
877 1521 965 1607 quod
992 1522 1171 1605 suspiciunt
1195 1522 1226 1585 in
1251 1522 1332 1599 aliis,
1356 1537 1388 1587 et
1412 1524 1483 1599 illis,

533 1639 663 1690 auctore
683 1629 762 1705 Deo,
777 1623 957 1689 desiderant
981 1623 1183 1687 conformari.
1229 1625 1290 1688 Est
1313 1648 1392 1708 crgo
1413 1649 1483 1709 gra·

534 1725 598 1790 dus
623 1725 888 1789 eminentissimus
913 1744 1037 1801 eorum,
1062 1722 1119 1808 qui
1146 1721 1176 1785 in
1202 1723 1484 1808 justificationibus

533 1839 747 1912 occrrpnntur3
777 1825 909 1904 medius,
923 1845 1058 1909 quorum
1075 1823 1199 1887 animus
1219 1824 1391 1908 expeditus
1405 1840 1452 1890 est
1465 1850 1484 1889 a

534 1927 630 2000 vitiis,
653 1940 687 1991 nt
712 1951 751 1989 ex
776 1949 883 1988 amore
906 1937 1078 2010 occupetur
1103 1925 1134 1987 in
1155 1922 1236 1997 illis;
1264 1926 1407 2000 infimus,
1429 1929 1482 2013 qui

534 2027 714 2089 desiderant
729 2025 885 2109 expediri,
903 2040 938 2089 ut
963 2025 1022 2088 hoc
1047 2028 1150 2110 ipsum
1166 2025 1391 2111 concupiscere
1414 2052 1484 2114 pos·

535 2127 607 2191 sint.
653 2126 715 2203 Qui
731 2129 790 2189 etsi
814 2148 875 2188 non
899 2127 973 2204 sint,
988 2125 1168 2190 desiderant
1192 2141 1297 2190 tamen
1322 2150 1392 2192 esse
1414 2129 1483 2213 plri-

534 2226 667 2311 losophi.
702 2228 829 2290 Horum
841 2249 1006 2311 personam
1019 2226 1166 2291 induerat
1178 2227 1347 2312 propheta,
1358 2229 1480 2295 dicens:

437 2380 439 2385 .
536 2327 729 2413 Concupirit
744 2328 848 2390 anima
863 2350 934 2390 mea
955 2328 1134 2392 desiderare
1151 2329 1397 2414 justificationes
1415 2343 1484 2395 tuas

534 2432 566 2492 in
585 2427 671 2491 omni
695 2449 845 2513 tempore.
891 2431 974 2513 Ejus
998 2452 1134 2514 namque
1159 2443 1249 2494 tanta
1270 2443 1318 2495 est
1346 2432 1483 2515 pulchri·

535 2528 627 2603 tudo,
642 2528 729 2612 quod
745 2528 783 2604 si,
800 2542 837 2592 nt
861 2528 905 2592 ait
934 2528 1038 2603 Plato,
1054 2528 1153 2593 videri
1179 2543 1282 2614 posset
1299 2530 1402 2593 oculis
1416 2555 1481 2595 cor·

534 2630 631 2715 poris,
657 2651 764 2693 amore
789 2629 952 2715 sapientiae
978 2627 1164 2692 mirabiliter
1194 2630 1337 2693 homines
1362 2632 1482 2696 inflam-

534 2744 646 2811 maret,
661 2731 741 2794 adeo
758 2731 902 2816 quidem,
918 2745 954 2793 ut
976 2729 1079 2814 primo
1100 2745 1232 2814 aspectu
1256 2753 1381 2795 necesse
1403 2747 1482 2799 esset

533 2854 642 2895 omnes
657 2830 688 2894 in
704 2852 840 2893 amorem
864 2830 1013 2893 incidere.
1059 2830 1152 2892 Hanc
1175 2844 1261 2894 amat
1286 2845 1319 2896 et
1342 2832 1482 2919 exquirit

533 2955 553 2995 a
570 2934 741 3017 juventute
756 2953 814 2994 sua
828 2930 931 2993 fidelis
952 2930 1065 3003 anima,
1081 2932 1171 3015 cujus
1194 2945 1339 2997 senectus
1360 2946 1482 2998 constat

533 3038 565 3098 in
587 3035 745 3119 gravitate
761 3056 906 3110 morum3
935 3046 967 3096 et
990 3032 1120 3118 puerilis
1135 3047 1222 3108 aetas,
1239 3035 1271 3096 in
1295 3034 1481 3119 ignorantia,

532 3151 564 3200 et
577 3135 701 3200 lubrioo
713 3134 874 3199 vitiorum.
908 3138 1013 3220 Super
1028 3133 1174 3213 salutem,
1185 3135 1303 3220 inquit,
1315 3150 1347 3199 et
1359 3157 1481 3200 omnem

533 3237 803 3324 pulchritudinem
815 3237 913 3300 dilexi
926 3237 1124 3322 sapientiam,
1136 3255 1168 3300 et
1181 3238 1330 3322 proposui
1344 3262 1403 3323 pro
1415 3239 1481 3303 luoe

532 3340 648 3402 habere
663 3339 768 3401 illam:
793 3352 948 3401 venerunt
964 3337 1040 3401 mihi
1056 3338 1162 3400 omnia
1178 3338 1261 3400 bona
1275 3338 1395 3423 pariter
1410 3359 1479 3401 cum

531 3439 594 3503 illa.
640 3439 673 3502 Si
689 3461 766 3521 crgo
784 3437 867 3501 bona
886 3439 993 3501 omnia
1015 3436 1176 3523 sapientia
1199 3439 1373 3502 accessoria
1397 3454 1481 3514 sunt,

530 3552 563 3602 et
586 3537 787 3622 philosophia
811 3538 952 3603 studium
978 3539 1151 3623 sapientiae,
1175 3539 1320 3622 profecto
1345 3540 1481 3626 philoso-

531 3638 648 3725 phandi
677 3651 878 3724 contemptus
908 3640 1062 3702 bonorum
1088 3640 1229 3702 omnium
1258 3641 1401 3704 exclusio
1425 3653 1481 3705 est.

532 3739 627 3802 Unde
642 3737 816 3823 colligitur,
831 3738 918 3826 quod
941 3752 1061 3823 quanto
1082 3740 1156 3824 quis
1178 3740 1388 3826 philosophice
1411 3742 1480 3805 dili-

529 3841 658 3926 gentius
673 3840 800 3920 insistit,
814 3864 851 3903 eo
866 3839 992 3903 fidelius
1006 3853 1039 3902 et
1055 3842 1173 3906 rectius
1188 3841 1229 3905 ad
1250 3841 1478 3907 beatitudinem

531 3943 646 4028 pergit.
694 3942 776 4004 Nam
800 3942 947 4014 virtutes,
971 3937 1090 4022 quibus
1111 3940 1178 4005 itur
1201 3941 1231 4004 in
1256 3943 1392 4027 singulis
1414 3941 1478 4006 offi-

529 4043 596 4118 ciis,
613 4040 666 4104 illa
688 4040 858 4125 dispensat.
906 4038 966 4100 Sed
992 4041 1067 4121 qnia
1085 4053 1216 4117 veteres,
1233 4039 1304 4104 licet
1328 4065 1368 4104 ex
1392 4056 1480 4128 parte

530 4145 650 4208 animas
664 4141 826 4204 crederent
842 4139 1045 4217 immortales,
1062 4141 1136 4203 vitoe
1158 4154 1299 4222 aeternae,
1315 4167 1388 4229 quae
1409 4154 1479 4228 post

529 4248 619 4310 istam
644 4244 753 4306 lutura
775 4256 833 4319 est,
848 4240 987 4304 nondum
1012 4241 1249 4306 instructionem
1274 4263 1479 4330 acceperant:

529 4366 687 4408 summum
705 4342 821 4407 bonum
846 4345 877 4407 in
895 4344 1013 4405 virtute
1036 4343 1282 4423 constituerunt,
1300 4368 1366 4431 quo
1388 4345 1478 4431 plane
