3550 5467
542 746 583 803 82
798 750 933 798 rosnurs
950 749 1230 795 senesannrensrs
1333 729 1416 810 [cin.
1435 746 1491 791 vu.

543 930 607 993 quo
629 928 736 984 sensu,
751 907 799 967 vel
822 904 862 966 ad
886 924 982 986 quem
1005 924 1131 965 sensum
1156 902 1244 980 hant,
1267 900 1372 965 fidelis
1395 903 1494 965 lector

542 1009 694 1073 attendes.
738 1009 791 1071 Sic
809 1007 892 1068 enim
911 1005 1006 1085 nugis
1023 1005 1104 1067 seria
1120 1004 1352 1079 immiscentur,
1369 1016 1401 1068 et
1416 1003 1495 1065 salsa

543 1110 686 1181 verisne
707 1107 748 1171 ad
771 1128 903 1169 summa}
926 1105 1064 1167 veritatis
1087 1107 1220 1180 cultum,
1235 1104 1343 1167 omnia
1365 1125 1408 1166 ex
1423 1124 1493 1186 pro·
1561 1108 1564 1112 ⁴

543 1214 648 1298 posito
666 1214 846 1276 reserantur.
893 1210 964 1272 Nec
986 1219 1122 1285 moreat,
1142 1209 1168 1270 si
1192 1229 1255 1291 qua
1276 1230 1400 1282 eorum,
1424 1229 1495 1291 quae

544 1316 595 1378 hic
617 1315 809 1390 scribuntur,
824 1312 915 1375 aliter
934 1310 1135 1373 inveniantur
1153 1308 1240 1386 alibi,
1255 1331 1355 1392 quum
1378 1320 1411 1370 et
1432 1309 1495 1370 bis·

545 1416 633 1478 toriae
648 1417 682 1477 in
699 1415 830 1477 diversis
846 1423 1005 1494 gestorum
1027 1412 1153 1474 casibus
1174 1411 1234 1473 sibi
1255 1411 1392 1473 invicem
1409 1431 1496 1492 repe·

544 1518 665 1580 riantur
681 1516 856 1591 contrariae,
871 1514 928 1576 sed
944 1513 985 1576 ad
1001 1534 1098 1575 uuum
1116 1512 1261 1575 utilitatis
1276 1511 1498 1574 ethonestatis

546 1619 720 1703 proficiunt
745 1621 893 1681 fructum.
939 1617 1024 1678 Nam
1049 1615 1227 1697 periculum
1251 1615 1315 1675 reri
1340 1614 1497 1676 statuendi

546 1719 624 1783 mihi
638 1743 704 1783 non
719 1720 821 1796 sacio;
844 1718 902 1781 scd
918 1739 991 1801 quae
1008 1716 1093 1799 apud
1109 1716 1250 1778 diversos
1265 1727 1413 1778 auctores
1426 1716 1499 1797 legi,

547 1823 588 1886 ad
615 1824 782 1886 utilitatem
807 1820 991 1900 legentium,
1018 1820 1086 1881 sine
1116 1818 1237 1880 inridia
1265 1819 1499 1880 communicare

548 1923 712 2006 proposui.
746 1922 829 1982 Nam
841 1930 873 1980 et
884 1919 1068 2000 Apostolus,
1081 1939 1145 1979 non
1158 1919 1369 1999 Quaecunque
1382 1918 1500 2001 scripta

549 2034 635 2099 sunt,
658 2043 729 2085 vera
756 2031 841 2095 sunt,
864 2021 920 2095 ait,
943 2018 999 2081 sed
1029 2018 1237 2102 Quaecunque
1269 2020 1389 2103 scripta
1418 2035 1501 2095 sunt,

548 2123 589 2185 ad
612 2134 752 2185 nostram
775 2121 951 2183 doctrinam
975 2120 1093 2204 scripta
1115 2132 1199 2196 eunt,
1214 2120 1290 2181 licet
1313 2121 1502 2185 universitas

548 2245 668 2299 eorum,
684 2224 724 2285 de
740 2223 857 2303 quibus
870 2220 1023 2302 loquitur,
1038 2220 1079 2282 ad
1100 2221 1156 2282 illa
1174 2221 1243 2282 sola
1261 2222 1365 2301 possit
1380 2223 1503 2300 aretari,

549 2345 621 2404 quae
647 2323 679 2384 in
706 2323 776 2404 lege
801 2321 921 2403 scripta
943 2333 1018 2383 sunt
1040 2330 1073 2382 et
1099 2320 1277 2403 prophetis,
1299 2319 1340 2384 de
1370 2342 1503 2404 quorum

551 2424 679 2487 veritate
701 2446 796 2486 nemo
818 2422 963 2504 ambigit,
986 2424 1047 2486 nisi
1071 2424 1126 2505 qui
1150 2423 1227 2486 fidei
1250 2425 1421 2488 catholicin
1442 2447 1504 2488 non

551 2524 735 2588 concordat.
763 2523 918 2599 Quaedam
932 2544 1005 2585 vero
1017 2545 1088 2605 quae
1103 2524 1136 2586 in
1152 2525 1242 2587 libris
1257 2535 1424 2590 auctorum
1440 2547 1505 2589 non

553 2627 715 2710 reperies
724 2647 784 2689 usu
794 2625 983 2710 quotidiano
992 2640 1024 2689 et
1033 2648 1136 2688 rerum
1147 2627 1457 2709 experientia,qnasi
1466 2627 1507 2690 de

553 2729 690 2811 quadarn
700 2750 822 2792 morum
832 2728 1132 2812 historiaexeerpsi.
1165 2729 1198 2792 Si
1212 2750 1278 2811 qua
1291 2751 1366 2791 vcro
1381 2730 1422 2792 ad
1438 2752 1507 2812 gra·

554 2831 649 2893 rioris
665 2830 882 2914 Philosophiae
901 2829 1163 2892 exercitationem
1181 2831 1327 2893 videntur
1342 2831 1508 2909 accedam,

554 2932 810 2995 academicomm
826 2953 914 2993 more
931 2930 1145 3010 investigandi
1161 2932 1266 2995 animo
1282 2932 1507 3016 potiusquam

554 3034 733 3117 pervicacia
762 3031 990 3110 contendendi,
1016 3034 1062 3096 sic
1093 3045 1218 3096 constet
1241 3054 1311 3096 csse
1335 3035 1507 3118 proposita,

555 3144 590 3197 ut
607 3133 640 3196 in
654 3134 889 3196 examinatione
912 3134 988 3211 veri,
1002 3155 1094 3197 suum
1117 3134 1233 3216 cuique
1251 3132 1415 3216 judicium
1431 3136 1507 3198 libe·

556 3257 624 3296 rum
661 3246 846 3311 reservetur,
874 3246 907 3296 et
940 3234 1064 3297 inutilis
1099 3233 1307 3297 scribentium
1344 3250 1511 3301 censeatur

556 3335 739 3406 auctoritas,
749 3335 806 3395 ubi
815 3335 976 3397 sententia
984 3335 1089 3416 potior
1098 3336 1277 3415 refragatur,
1306 3335 1510 3420 Propositum

557 3446 662 3497 tamen
685 3444 744 3508 est,
763 3432 796 3494 in
818 3432 869 3495 his
893 3435 1055 3517 praeeipue
1077 3435 1205 3511 versari,
1227 3435 1313 3498 unde
1334 3438 1510 3519 perniciem

557 3554 643 3596 error
664 3554 727 3595 non
751 3535 921 3609 contrahit,
936 3544 968 3597 et
989 3536 1030 3599 ad
1053 3537 1179 3599 illomm
1196 3536 1417 3601 definitionem
1431 3561 1509 3622 prae·

558 3634 739 3718 sumptione
762 3637 928 3699 temeraria
952 3658 1017 3700 non
1044 3659 1220 3719 assurgere,
1244 3638 1277 3701 in
1303 3639 1422 3722 quibus
1444 3643 1512 3705 sinc

558 3735 700 3818 periculo
714 3757 779 3798 nou
795 3749 923 3799 erratur.
968 3739 1073 3800 Nemo
1089 3750 1196 3802 autem
1207 3740 1240 3801 in
1255 3738 1405 3822 injuriam
1421 3762 1511 3806 suam

559 3845 684 3916 reputet
697 3836 863 3919 quippiam
879 3836 956 3915 dici,
971 3859 1068 3920 quum
1090 3840 1182 3902 nulla
1200 3839 1241 3902 sit
1262 3838 1427 3923 derogatio
1442 3864 1512 3926 per·

558 3958 717 4014 sonarum,
738 3937 795 4000 sed
817 3938 1040 4020 fugiendomm
1064 3940 1133 4002 sola
1159 3942 1328 4003 concussio
1353 3943 1511 4006 vitiorum.

559 4040 599 4102 ln
624 4058 688 4120 quo
713 4036 842 4120 quidem
866 4060 917 4100 me
943 4039 1122 4122 prestitum
1147 4041 1191 4103 ire
1217 4043 1421 4126 obsequium,
1447 4057 1513 4107 tem

558 4139 660 4213 malis,
682 4157 776 4220 quam
799 4136 894 4199 bonis
915 4138 1059 4216 arbitror,
1081 4138 1158 4202 dum
1184 4139 1217 4200 iu
1243 4141 1294 4203 his
1317 4146 1514 4226 approbatur

559 4240 647 4324 quod
669 4237 801 4313 faciunt,
826 4247 859 4299 et
883 4238 917 4299 hi
944 4240 1060 4302 notatis
1086 4241 1172 4303 vitiis
1198 4243 1324 4323 possint
1346 4246 1515 4328 proficere,

559 4353 594 4404 ut
609 4341 795 4422 probentur.
842 4337 906 4400 Sed
921 4341 990 4402 baec
1011 4340 1175 4405 hactenus.
1221 4343 1288 4406 Cur
1309 4355 1419 4410 autem
1442 4368 1514 4411 aca-
