3550 5467
265 815 339 860 car.
356 801 445 875 xxa]
621 814 873 860 conveniamus.
1161 804 1220 861 341

265 964 350 1029 idem
362 977 579 1051 pentonymus
589 968 705 1031 extitit.
734 967 850 1031 Dictus
859 978 907 1029 est
917 967 999 1031 enirn
1013 964 1221 1045 salmanasar,

264 1077 297 1128 et
308 1067 536 1144 Sennacherib,
546 1087 578 1131 et
589 1067 683 1145 Phul,
692 1080 724 1130 et
732 1065 855 1151 Teglad
868 1066 1031 1142 phalasar,
1041 1079 1072 1130 et
1087 1068 1218 1150 Sargon.

266 1171 338 1232 Nisi
350 1169 433 1232 enim
446 1174 659 1255 polyonymus
670 1170 832 1246 habeatur,
841 1169 1062 1232 historicorum
1079 1168 1217 1254 quadam

264 1271 491 1334 contrarietate
514 1271 735 1336 dissidentium
760 1269 955 1356 quandoque
971 1270 1131 1334 vacillabit
1147 1293 1221 1334 auc-

266 1370 390 1435 toritas.
439 1373 502 1436 Hic
523 1396 599 1458 ergo
619 1373 763 1458 angelico
778 1371 887 1456 gladio
910 1371 1047 1455 primum
1068 1372 1220 1435 adversus

265 1473 443 1536 exercitum
459 1497 534 1538 usus
549 1487 597 1537 est
613 1475 782 1550 Dominus,
792 1472 908 1537 deinde
920 1472 1072 1535 adversus
1086 1471 1217 1556 impium

265 1573 414 1637 manibus
443 1575 592 1640 liliorum.
654 1577 729 1659 Ipsa
757 1597 887 1660 quoque
917 1585 1033 1636 natura
1063 1573 1219 1636 vindictas

266 1686 376 1756 stupet
406 1674 566 1738 interdum
597 1674 754 1746 altissimi,
781 1688 812 1737 et
840 1673 1001 1737 hominum
1028 1686 1219 1758 provocante

267 1771 399 1847 malitia,
426 1775 574 1838 creatoris
599 1778 650 1839 sui
677 1775 800 1859 legibus
827 1774 1015 1838 mirabiliter
1039 1773 1220 1858 acquiescit.

269 1873 358 1936 Hinc
379 1890 427 1937 est
449 1876 536 1960 quod
559 1876 711 1940 adversus
734 1877 907 1940 Dominum
927 1875 1221 1939 Nabuchodonosor

266 1971 489 2053 intumescens,
511 1990 624 2040 exacto
650 1978 813 2062 septennio
838 1977 971 2041 bestiam
996 1977 1071 2059 egit,
1093 1990 1124 2040 et
1151 2000 1221 2062 poe·

266 2075 372 2138 nitens
383 2090 430 2139 est
441 2077 546 2140 denuo
557 2101 701 2142 reversus
714 2079 745 2141 in
758 2079 928 2157 hominem,
940 2080 1036 2142 rebus
1052 2080 1220 2143 restitutus

268 2188 302 2239 et
318 2198 426 2260 regno,
443 2177 515 2243 licet
537 2204 574 2243 eo
595 2180 799 2265 postmodum
823 2182 973 2245 meruerit
993 2181 1107 2244 misero
1130 2183 1219 2245 exitu

269 2277 407 2362 spoliari.
452 2282 506 2345 Ad
535 2295 678 2366 tempora
704 2295 829 2346 transeo
852 2280 1046 2360 Christiana,
1069 2284 1219 2369 quoniam

269 2380 302 2442 in
324 2386 410 2446 omni
432 2397 527 2468 gente
549 2399 580 2449 et
603 2386 723 2471 populo
745 2386 911 2450 manifesta
933 2402 980 2452 est
1003 2388 1147 2472 nequitia
1170 2402 1219 2473 ty-

269 2504 452 2559 rannorum,
467 2500 499 2550 et
515 2487 645 2551 evidens
660 2510 765 2572 poena.
812 2488 963 2550 Julianus
978 2488 1049 2550 vilis
1064 2501 1222 2572 apostata,

269 2597 302 2648 et
316 2586 462 2652 sordidus
477 2589 659 2672 imperator,
674 2587 748 2651 dolo
768 2589 875 2673 potius
897 2610 991 2672 quam
1013 2587 1135 2649 viribus
1151 2609 1221 2672 per-

269 2695 398 2751 secutus
417 2702 464 2752 est
488 2688 664 2763 Christum,
680 2709 738 2749 nec
759 2700 862 2749 tamen
885 2686 1007 2749 viribus
1022 2686 1220 2769 temperavit.

271 2787 353 2852 Nam
385 2790 446 2853 sub
475 2812 512 2851 eo
537 2787 722 2870 gravissima
752 2787 1004 2852 Christianorum
1034 2801 1145 2850 exorta
1174 2806 1222 2852 est

270 2892 460 2974 persecutio,
475 2888 552 2951 dum
569 2887 707 2966 Galilaei‚
723 2910 816 2974 quem
834 2887 971 2963 dicebat,
987 2901 1101 2952 conatu
1124 2891 1222 2976 impio

268 3012 381 3055 nomen
398 2989 589 3053 moliebatur
604 2989 798 3074 extinguere.
843 2994 961 3056 Verum
979 2990 1055 3055 dum
1072 2993 1222 3059 adversus

268 3092 405 3156 Parthos
425 3090 597 3155 infaustam
618 3089 850 3175 expeditionem
873 3106 992 3175 ageret,
1012 3107 1043 3155 et
1064 3093 1167 3169 idolis,
1189 3095 1221 3158 in

269 3193 374 3257 reditu
399 3216 467 3266 suo,
490 3216 550 3279 pro
571 3193 734 3268 sacrificio,
754 3192 873 3256 caedem
897 3193 1064 3259 devoveret
1089 3197 1223 3262 Christi-

269 3317 414 3370 anorum,
442 3296 555 3378 Magni
587 3297 703 3375 llasilii,
726 3296 923 3382 aliorumque
948 3313 1125 3362 sanctorum
1153 3323 1223 3385 pre-

269 3396 360 3460 cibus
385 3400 534 3461 misertus
559 3410 607 3462 est
634 3401 734 3473 Deus,
759 3399 1021 3484 Mercuriumque
1047 3417 1217 3486 martyrem

269 3497 447 3574 destinavit,
469 3501 527 3584 qui
551 3511 720 3584 tyrannum
745 3501 777 3563 in
800 3505 923 3576 castris,
946 3501 1095 3565 mandato
1119 3503 1220 3567 beatae

271 3600 412 3686 virginis,
434 3601 540 3664 lancea
558 3601 741 3686 perforavit,
763 3604 1013 3688 morientemque
1035 3606 1138 3688 coegit
1162 3606 1219 3669 im·

270 3704 356 3787 pium
386 3703 530 3768 confiteri
561 3703 743 3778 Galilaeum‚
775 3705 937 3770 Christum
970 3704 1097 3783 scilicet,
1124 3731 1219 3793 quem

270 3807 532 3892 prosequebatur,
555 3829 621 3869 esse
644 3806 805 3884 victorem,
827 3821 859 3870 et
882 3807 922 3870 de
945 3831 977 3871 se
998 3809 1220 3894 triumphasse.

272 3909 378 3984 Quum
402 3906 483 3968 enim
508 3905 661 3989 praelatus
678 3906 867 3992 Episcopus,
882 3907 991 3970 lideles
1007 3911 1162 3975 Caesareae
1189 3913 1220 3973 in

271 4009 401 4074 ecclesia
416 4023 578 4094 perpetuae
593 4009 726 4092 virginis
741 4010 902 4092 genitricis
917 4011 988 4084 Dei,
1002 4025 1222 4095 pernoctantes

271 4107 301 4170 in
317 4108 513 4173 orationibus
532 4108 719 4190 collegisset,
735 4109 803 4192 ipsa
819 4124 910 4173 nocte
925 4114 1048 4174 beatam
1067 4111 1220 4194 virginem

270 4209 302 4271 in
319 4208 436 4272 visione
447 4224 573 4271 sanctus
584 4209 725 4292 agnovit,
736 4224 767 4270 et
781 4208 963 4290 hujusmodi
975 4210 1219 4274 consolationem

271 4311 407 4393 accepit:
450 4311 576 4385 vocate,
604 4309 717 4394 inquit,
745 4308 811 4385 illa,
841 4309 917 4371 milri
948 4311 1157 4387 Mercurium,
1188 4329 1219 4378 et

270 4411 372 4476 abibit
387 4411 563 4475 interlicere
573 4415 593 4477 J
597 4409 791 4484 ulianum,in
808 4409 908 4473 filium
931 4432 1048 4487 meum,
1064 4424 1096 4475 et
1113 4415 1220 4482 Deum
