3550 5467
412 751 483 794 cae.
499 731 576 811 xm]
762 752 1017 798 ronrcutrrcus.
1323 742 1365 801 2⁷

409 914 612 987 oppugnaret
622 903 838 984 Mithridates,
849 906 995 988 captivos
1010 906 1080 990 ejus
1095 907 1184 969 urbis
1199 908 1366 991 produxit,

408 1006 610 1091 ostenditque
635 1006 785 1086 obsessis,
807 1009 977 1072 arbitratus
1001 1010 1150 1085 futurum,
1172 1020 1209 1072 ut
1231 1011 1363 1075 misera·

409 1108 497 1170 tione
513 1129 641 1171 suorum
663 1109 704 1172 ad
724 1108 924 1174 deditionem
948 1110 1155 1193 compelleret
1170 1111 1361 1195 oppidanos.

410 1212 451 1272 At
478 1210 526 1272 illi
557 1209 714 1274 cohortati
746 1211 889 1294 captivos
919 1211 961 1274 ad
991 1221 1125 1274 mortem
1156 1213 1276 1275 sortiter
1304 1235 1362 1278 ex·

408 1309 602 1393 cipiendam,
617 1310 713 1374 {idern
730 1333 892 1375 servavere
907 1313 1073 1376 Romanis.
1119 1313 1363 1395 Eglotinensea,

408 1433 508 1494 quum
531 1433 550 1474 a
571 1412 701 1474 Juriaeo
727 1413 777 1475 his
799 1413 891 1475 liberi
914 1425 947 1477 et
968 1412 1124 1496 conjuges
1147 1412 1362 1494 redderentur,

407 1525 665 1596 praeoptaverunt
688 1526 832 1597 spectare
853 1515 1014 1598 supplicia
1032 1514 1201 1597 pignorum
1222 1535 1363 1596 suorum,

408 1635 503 1696 quam
517 1614 701 1676 aRomanis
714 1613 861 1676 deficere.
900 1614 1089 1676 Numantini
1100 1636 1140 1676 ne
1153 1637 1186 1676 se
1200 1614 1364 1701 dederent,

407 1710 493 1772 same
517 1709 599 1770 mori
629 1709 772 1791 praefixis
795 1709 915 1771 foribus
938 1708 1092 1771 domuum
1115 1729 1242 1771 suarum
1265 1712 1364 1774 malu-

411 1820 518 1886 erunt,
533 1809 748 1891 vicissentque
762 1809 940 1886 Romanos,
955 1822 1085 1874 auctore
1102 1810 1226 1886 Orosio,
1242 1811 1304 1874 nisi
1317 1812 1364 1874 illi

409 1913 471 1974 sub
488 1910 644 1993 Scipione
659 1922 866 1994 pugnassent.

409 2241 488 2325 Cap.
515 2244 563 2303 ta.
590 2241 683 2307 Quod
703 2243 795 2303 varia
814 2242 1054 2305 animaduersio
1069 2244 1221 2326 procedit
1243 2245 1280 2306 in
1299 2263 1364 2317 eoa,

452 2347 508 2428 qui
537 2344 616 2405 duci
644 2363 709 2404 aon
739 2342 971 2423 obtemperant,
995 2353 1026 2407 et
1057 2355 1218 2429 quatenus
1247 2345 1361 2409 elehem

452 2445 585 2522 obediri,
600 2452 634 2507 et
653 2447 690 2506 ia
713 2445 829 2528 quibus
843 2446 1010 2508 mandatis
1025 2448 1127 2509 locum
1148 2447 1266 2511 haheat
1281 2468 1359 2510 eea·

451 2548 592 2609 minatio
607 2548 787 2617 militaria;
809 2555 841 2608 et
856 2549 891 2608 in
908 2546 1024 2629 quibua
1038 2568 1114 2612 noa.

452 2733 493 2793 Iu
509 2752 566 2794 eos
577 2752 651 2794 vero
667 2731 723 2814 qui
739 2729 844 2805 ducis,
856 2741 910 2792 aut
925 2729 1007 2810 legis
1020 2750 1084 2792 non
1097 2731 1364 2813 obtemperabant

408 2831 551 2910 arbitrio,
573 2831 660 2892 varia
689 2830 923 2893 animadversio
947 2829 1153 2912 procedebat.
1199 2830 1283 2893 Nam
1309 2832 1362 2894 alii

408 2932 440 2993 in
465 2933 599 3008 fortuna,
614 2932 670 2994 alii
692 2932 725 2993 in
748 2931 843 3008 tama,
859 2930 913 2993 alii
935 2931 969 2993 in
993 2930 1148 3011 sanguine
1172 2931 1358 3014 puniuntur.

409 3034 598 3095 Frontinum
615 3033 731 3113 relege,
745 3044 778 3093 et
796 3051 1029 3114 usquequaque
1051 3033 1095 3093 ita
1113 3052 1183 3094 esse
1205 3032 1360 3096 invenies.

410 3135 496 3195 Nam
519 3133 666 3195 Aurelius
687 3131 783 3194 Cotta
808 3132 933 3206 consul,
948 3152 1046 3214 quum
1071 3131 1113 3194 ad
1136 3153 1216 3214 opus
1241 3134 1365 3215 equites

389 3239 392 3245 '
409 3233 603 3296 necessitate
613 3242 759 3314 cogente,
767 3231 917 3316 jussisset
931 3230 1097 3306 accedere,
1107 3252 1280 3316 eorumque
1290 3255 1364 3317 pars

409 3335 619 3399 detrectasset
634 3333 812 3418 imperium,
825 3343 957 3416 questus
971 3331 1058 3416 apud
1074 3333 1232 3397 Censores
1248 3337 1363 3416 effecit,

408 3450 445 3501 ut
474 3459 494 3500 a
521 3437 666 3521 patribus
700 3445 895 3513 notarentur,
924 3433 1042 3499 deinde
1077 3436 1217 3500 obtinuit
1244 3459 1285 3502 ne
1315 3440 1362 3503 eis

408 3541 567 3625 praeterita
590 3559 654 3602 arra
677 3537 895 3622 procederent
942 3537 1079 3601 Tribuni
1106 3559 1233 3622 quoque
1257 3541 1362 3624 plebis

409 3641 450 3705 de
480 3640 591 3705 eadem
613 3661 647 3703 re
677 3639 719 3702 ad
741 3639 895 3724 populum
922 3640 1132 3720 pertulerunt,
1155 3641 1361 3725 omniumque

409 3763 569 3807 consensu
584 3741 725 3804 stabilita
740 3752 790 3804 est
804 3738 984 3824 disciplina.
1023 3743 1064 3814 Q.
1082 3742 1234 3805 Metellus
1249 3745 1359 3808 Mace·

408 3843 542 3907 donicus
556 3843 589 3906 in
607 3843 768 3927 Hispania
783 3843 925 3927 quinque
947 3843 1105 3920 cohortes,
1122 3865 1194 3927 quas
1216 3844 1361 3910 hostibus

408 3955 580 4019 cesserant,
605 3955 828 4008 testamentum
853 3946 957 4008 lacere
978 3944 1096 4028 jussas,
1119 3944 1160 4007 ad
1183 3945 1289 4010 locum
1313 3968 1361 4010 re·

408 4047 624 4130 cuperandum
640 4048 770 4124 remisit,
786 4047 923 4110 minatus
943 4068 1009 4110 non
1029 4046 1090 4109 nisi
1111 4059 1184 4130 post
1198 4048 1360 4112 victoriam

408 4163 571 4233 receptum
582 4150 629 4212 iri.
653 4151 800 4226 Senatus,
811 4171 909 4232 quum
920 4149 1037 4212 milites
1047 4148 1154 4211 Publii
1166 4148 1283 4211 Valerii
1296 4158 1358 4210 tur·

409 4249 717 4335 pitersugatiessent,
725 4251 911 4315 decreritnc
919 4252 949 4315 ei
961 4251 1083 4315 auxilia
1091 4250 1360 4323 submitterentur,

409 4352 471 4415 nisi
487 4353 581 4416 vietis
595 4352 750 4416 hostibus.
789 4351 851 4416 llis
862 4372 937 4416 vero
948 4348 1144 4430 legionibus,
1156 4366 1226 4428 quae
1237 4347 1361 4413 Punico
