3550 5467
407 780 476 824 cnr.
493 764 600 842 mv]
780 777 1035 824 roarcmvrcns.
1290 768 1354 825 379
1378 842 1382 847 η

405 931 573 1009 secundus,
589 930 748 994 maximus
770 952 880 1014 regum
907 930 1094 1007 Britannias,
1117 931 1143 994 si
1166 930 1263 995 initiis
1284 955 1354 1016 ges-

404 1046 507 1096 torum
525 1033 621 1096 luerit
635 1032 743 1096 exitus
758 1032 916 1108 concolor,
931 1032 1014 1096 cirea
1031 1033 1240 1112 Garumnam,
1255 1047 1287 1098 et
1304 1035 1351 1112 (ut

404 1134 533 1216 dicitur)
558 1148 589 1198 te
610 1147 749 1210 auctore,
774 1148 805 1199 te
827 1135 919 1210 dirce,
940 1134 1101 1214 fulminat,
1123 1149 1153 1200 et
1179 1135 1352 1200 Tholosam

404 1238 489 1301 felici
505 1239 633 1320 cingens
647 1237 822 1309 obsidione,
835 1259 895 1299 non
913 1236 1007 1299 modo
1023 1236 1239 1320 provinciales,
1253 1259 1354 1322 usque

407 1338 448 1403 ad
474 1337 668 1402 Rhodanum
692 1352 724 1401 et
757 1337 852 1422 Alpes
878 1336 1014 1412 territat,
1041 1337 1096 1399 sed
1125 1338 1356 1402 munitionibus

407 1441 557 1522 diruptis,
584 1439 774 1525 populisque
801 1437 952 1513 subactis,
979 1438 1070 1523 quasi
1098 1441 1252 1503 universis
1278 1462 1354 1524 prae·

409 1566 480 1607 sens
497 1543 670 1618 immineat,
691 1542 803 1606 timore
825 1540 983 1626 principes
1002 1536 1163 1627 Hispanos
1186 1540 1354 1616 concussit,

408 1660 439 1709 et
460 1645 578 1709 Gallos.
626 1646 665 1707 ln
692 1644 788 1708 tantis
811 1665 915 1706 rerum
937 1643 1132 1707 tumultibus
1151 1665 1262 1728 quaeso
1286 1665 1356 1707 cus·

408 1747 476 1810 todi
497 1747 719 1822 innocentiam,
735 1759 766 1810 et
785 1746 869 1820 vide,
886 1759 917 1809 et
938 1745 1035 1822 dicta,
1051 1757 1082 1809 et
1103 1745 1241 1831 praedica
1256 1746 1355 1830 aequi-

408 1861 516 1922 tatem,
533 1870 589 1910 nec
611 1869 729 1922 amore,
750 1868 807 1909 nec
828 1844 913 1924 odia,
936 1845 1047 1909 timore
1070 1844 1120 1908 vel
1143 1868 1198 1931 spe
1219 1846 1358 1909 declines

407 1972 426 2012 a
450 1952 499 2012 via
522 1962 615 2012 recta.
659 1952 732 2013 Just
756 1947 838 2010 enim
863 1947 1088 2011 hereditabunt
1113 1962 1240 2023 terram,
1264 1962 1296 2010 et
1320 1961 1356 2010 ut

407 2051 597 2115 auctoritate
612 2063 734 2114 constat
751 2049 919 2125 Altissimi,
936 2072 1040 2112 semen
1052 2050 1222 2135 impiorum
1240 2049 1355 2135 peribit

408 2153 441 2218 Si
458 2153 525 2216 hac
546 2176 619 2236 quae
642 2151 700 2216 tibi
717 2151 835 2215 sincera
851 2151 1020 2217 devotione
1035 2151 1143 2214 curavi
1159 2152 1307 2227 scribere,
1324 2152 1356 2214 in

410 2267 499 2316 tanto
515 2253 656 2317 tumultu
669 2251 773 2336 legere
785 2275 846 2317 nou
862 2266 965 2328 vacat,
977 2263 1032 2317 aut
1046 2252 1121 2339 quia
1132 2252 1268 2339 insipida
1283 2266 1358 2316 sunt

408 2355 560 2434 sensibus,
574 2353 679 2417 verbis
693 2354 815 2417 inculta
829 2375 891 2416 non
908 2351 1048 2438 placent:
1075 2351 1123 2415 vel
1145 2352 1214 2437 ipsa
1229 2352 1357 2417 devotio

408 2478 468 2518 non
485 2454 659 2541 displiceat,
675 2478 748 2539 quae
763 2455 874 2518 honori
891 2467 948 2518 tuo
969 2453 1094 2517 studuit
1117 2454 1276 2516 inservire.
1322 2453 1357 2519 Si

408 2558 591 2641 probaveris
606 2557 824 2630 intentionem,
837 2553 1086 2639 patrocinaberis
1100 2554 1198 2636 operi.
1235 2554 1290 2616 Sin
1301 2577 1356 2619 au·

409 2672 483 2735 tem,
497 2670 531 2719 ut
544 2655 680 2719 volueris
695 2659 935 2719 condemnetur.
970 2653 1056 2731 Quid
1072 2654 1153 2716 enim
1166 2653 1205 2717 ad
1218 2654 1308 2733 alioS,
1322 2669 1357 2720 ut

407 2781 530 2822 servum
543 2756 689 2842 judicent
700 2755 861 2821 alienum?
895 2756 991 2820 Liber
1002 2754 1085 2819 enim
1097 2754 1159 2831 hic,
1172 2768 1209 2819 ut
1221 2755 1357 2841 quilibet

408 2884 475 2936 suo,
487 2860 545 2923 tibi
554 2858 683 2922 domino
694 2871 770 2935 stat,
781 2871 836 2921 aut
847 2856 944 2921 cadit.
968 2855 1190 2923 Multitudinis
1203 2855 1357 2943 imperitas

408 2985 469 3025 non
486 2960 622 3025 formido
639 2959 774 3046 judicia,
789 2958 868 3021 meis
891 2973 995 3023 tamen
1012 2981 1090 3043 rogo
1111 2971 1242 3044 parcant
1262 2980 1356 3045 opus·

406 3061 505 3135 culis;
530 3074 561 3125 et
578 3059 602 3123 si
625 3060 757 3124 curiales
777 3073 851 3124 sunt
875 3057 1024 3144 quidam:
1049 3058 1125 3145 quia
1145 3058 1232 3122 libris
1247 3082 1356 3124 eorum

407 3187 568 3249 nunquam
585 3162 735 3247 derogavi
751 3161 782 3223 in
799 3156 918 3245 aliquo.
966 3158 997 3221 Si
1020 3180 1127 3244 preces
1146 3182 1230 3223 meas
1248 3161 1357 3227 audire

408 3266 577 3341 noluerint,
600 3262 813 3349 improbitatis
836 3259 962 3346 judicio
990 3259 1184 3325 tenebuntur
1205 3262 1354 3327 obnoxii:

407 3369 493 3452 quia,
518 3380 553 3431 ut
577 3366 621 3430 ait
644 3365 813 3441 Martialis,
837 3363 980 3448 improbe
1004 3362 1092 3439 facit,
1114 3364 1171 3449 qui
1197 3367 1229 3429 in
1255 3364 1357 3428 alieno

406 3469 487 3532 libro
501 3469 685 3554 ingeniosus
699 3481 757 3531 cst.
795 3469 875 3544 Quae
891 3478 997 3529 autern
1014 3464 1054 3529 de
1070 3465 1244 3530 curialibus
1261 3469 1355 3552 nugis

407 3573 492 3636 dicta
508 3585 594 3647 sunt,
608 3574 641 3635 in
665 3568 752 3634 nullo
774 3591 896 3644 eorum,
913 3568 967 3631 sed
991 3570 1072 3632 forte
1094 3572 1126 3633 in
1143 3591 1203 3644 me,
1219 3584 1274 3635 sut
1295 3571 1356 3634 mei

407 3673 562 3737 similibus
583 3670 797 3757 deprebendi;
825 3683 857 3734 et
873 3670 966 3754 plane
987 3670 1080 3734 nimis
1100 3684 1186 3735 arcta
1200 3671 1269 3756 lege
1283 3698 1356 3738 cou-

405 3779 553 3861 stringor,
571 3775 596 3837 si
612 3775 820 3860 meipsum,et
832 3774 949 3838 amicus
963 3774 1120 3857 castigare
1135 3788 1167 3839 et
1179 3777 1357 3858 emendare,

407 3901 468 3942 non
485 3877 565 3941 licet.
604 3874 816 3961 Profectoqui
832 3875 871 3938 ad
889 3876 958 3940 haec
969 3877 1096 3962 rugabit
1110 3899 1211 3953 nares,
1219 3878 1355 3943 frontem

408 3982 584 4056 contrahet,
600 3991 657 4042 aut
672 3979 783 4042 faciem
801 3979 916 4042 rubore
940 3979 1064 4055 vestiet,
1079 3994 1133 4042 aut
1151 3977 1269 4063 pallore
1283 4003 1355 4043 con-

407 4085 531 4160 fundet,
556 4083 649 4166 cujus
676 4080 759 4144 labia
784 4078 1023 4153 contrahentur,
1046 4090 1102 4141 aut
1130 4077 1251 4156 salient,
1274 4079 1356 4146 toxi-

408 4184 531 4247 cabitur
566 4183 685 4266 lingua,
715 4201 820 4262 genua
854 4191 1001 4258 trement,
1037 4201 1147 4241 nrarrus
1184 4184 1354 4263 proterviet

407 4283 543 4366 seipsum
561 4281 656 4364 nugis
667 4277 781 4340 nostris
792 4275 955 4338 convincet
968 4276 1150 4340 obnoxium.
1184 4278 1221 4340 In
1238 4282 1356 4365 quibus

406 4386 467 4448 fuit
492 4382 645 4469 propositi
666 4402 788 4463 semper
811 4402 828 4441 a
851 4379 944 4461 nugis
963 4378 1003 4442 ad
1021 4379 1103 4443 bona
1119 4382 1250 4445 transire
1266 4388 1354 4464 seria,
