3550 5467
556 746 619 804 210
790 757 928 801 ronanus
944 756 1227 802 saassuaaraxsrs
1344 739 1425 821 [arn.
1442 761 1505 807 uu.

593 908 620 960 N
623 926 651 960 ec
663 878 736 960 sunt}
755 909 802 959 hos
813 912 960 959 consector:
978 905 1051 957 hisce
1064 923 1114 973 ego
1126 923 1177 958 nou
1190 924 1254 976 paro
1267 926 1312 960 me
1322 916 1353 962 ut
1363 910 1473 964 rideant:

593 995 646 1046 Sed
660 994 701 1044 his
713 992 781 1045 ultro
793 993 903 1056 arrideo,
916 998 1041 1044 eteorum
1051 992 1159 1060 ingenia
1171 993 1288 1046 admiror
1301 996 1388 1048 simul.

594 1076 724 1145 Quicquid
736 1076 836 1139 dicunt,
848 1074 941 1140 laudo;
959 1076 986 1127 id
997 1093 1097 1126 rursum
1110 1077 1132 1127 si
1144 1085 1255 1143 negant,
1266 1077 1348 1132 laudo
1359 1081 1386 1132 id
1399 1100 1497 1151 quoque.

594 1164 685 1230 Negat
697 1165 763 1230 quis,
776 1179 859 1228 nego:
878 1163 925 1224 ait,
938 1162 996 1213 aio:
1016 1168 1146 1232 postremo
1157 1162 1285 1234 imperavi
1298 1174 1403 1233 egomet
1414 1169 1474 1220 mihi

594 1250 690 1301 Omnia
702 1248 838 1310 assentari,
851 1249 873 1298 is
885 1255 998 1315 quastus
1010 1265 1077 1298 nuuc
1089 1254 1130 1300 est
1141 1248 1226 1301 muito
1237 1251 1392 1304 uberrimus.

557 1336 723 1402 Talem-ne
739 1335 847 1399 vidisti
862 1334 1003 1398 alicubi?
1028 1335 1099 1398 Imo
1113 1357 1172 1399 nec
1187 1340 1374 1425 quempiam
1386 1341 1502 1406 illorum

558 1440 615 1525 qui
645 1437 750 1502 felices
775 1461 841 1500 esse
865 1435 1026 1514 videntur,
1049 1438 1116 1502 sine
1141 1438 1331 1525 hujusmodi
1357 1447 1502 1530 mancipio

557 1544 727 1627 agnovisti,
740 1540 884 1624 adeoque
900 1538 1012 1603 scitum
1036 1539 1195 1605 homiuem
1220 1542 1346 1629 ubique
1369 1547 1501 1632 reperies,

556 1647 613 1725 qui
626 1645 769 1709 homines
783 1664 822 1705 aa
836 1643 954 1720 stultis,
970 1655 1005 1704 ut
1022 1642 1067 1705 ait
1088 1645 1256 1719 Parmeno,
1271 1667 1408 1728 prorsus
1426 1651 1500 1712 irrra-

556 1749 733 1830 noafacict.
780 1743 862 1809 Vide
876 1757 907 1808 et
923 1743 1002 1828 quid
1018 1742 1059 1806 de
1073 1766 1106 1807 se
1121 1746 1237 1810 sentiat
1256 1749 1396 1813 Thraso.

1059 1843 1144 1908 istud,
1155 1847 1251 1914 inquit,
1264 1855 1308 1901 est
1319 1850 1410 1904 datum

595 1931 724 1994 Profecto,
736 1937 767 1983 ut
778 1937 853 1998 grata
865 1932 929 1982 mihi
943 1933 996 1983 sint
1008 1947 1067 2000 quae
1078 1930 1146 1984 facio
1158 1935 1264 1986 omnia:

945 2015 997 2070 Vei
1010 2035 1057 2069 rex
1070 2034 1172 2088 semper
1183 2022 1320 2074 maximas

592 2102 660 2153 Mihi
672 2103 769 2169 agebat
781 2104 889 2169 gratias,
902 2103 1022 2171 quicquid
1032 2101 1155 2156 feceram.
1193 2105 1266 2159 Aliis
1277 2125 1331 2160 nou
1343 2111 1416 2163 item

591 2188 639 2238 hie
650 2205 750 2258 semper
762 2187 877 2239 habebat
888 2190 915 2239 in
928 2187 1018 2252 ucrdis,
1030 2207 1133 2241 omnem
1144 2191 1272 2245 credebat
1284 2198 1439 2259 exercitum,

591 2271 715 2336 Consilia,
728 2286 754 2325 et
766 2273 809 2324 uhi
824 2291 882 2325 eum
896 2276 1005 2327 satietas

590 2358 742 2422 Hominum,
754 2366 801 2410 aut
812 2361 911 2425 negotii
924 2361 946 2411 si
960 2361 1063 2428 quando
1074 2360 1163 2413 odium
1177 2372 1295 2435 ceperat,

801 2445 978 2512 Requiescere
990 2447 1035 2499 ubi
1047 2446 1162 2500 volebat.

591 2528 646 2581 Ubi
655 2528 727 2581 illam
740 2538 866 2600 expueret
875 2530 1007 2582 miseriam
1015 2548 1049 2583 ex
1058 2532 1155 2593 auimo,

588 2615 659 2668 Tum
670 2634 711 2667 me
723 2616 855 2667 convivam
867 2615 951 2667 solum
964 2616 1109 2668 abducebat
1120 2617 1179 2670 sibi.

798 2701 921 2753 Inridere
931 2719 1021 2754 omues
1033 2702 1097 2753 mihi
1109 2723 1115 2754 z

590 2786 712 2839 Mordere
724 2786 877 2851 clanculum,
889 2805 939 2854 ego
951 2788 1023 2839 flocci
1033 2788 1156 2859 pendere.

589 2874 633 2927 llli
644 2874 759 2926 invidere
772 2875 874 2925 misere.

552 2966 625 3046 Ego
655 2962 734 3027 aiios
764 2963 867 3046 palam
900 2961 1183 3045 reprehendebam,
1208 2966 1291 3032 aiios
1322 2971 1500 3036 mordaciter

549 3063 732 3143 irridebam,
747 3076 782 3128 ut

795 3165 848 3216 risu
860 3170 1036 3217 emorerentur
1047 3168 1192 3236 omnesqui
1204 3168 1325 3224 aderaut.

622 3252 744 3319 Denique
757 3249 910 3302 metuebant
921 3266 1010 3301 omncs
1018 3249 1075 3320 jam
1086 3268 1138 3304 me.

551 3339 700 3402 Profecto
722 3360 856 3422 magnus
886 3336 938 3400 hic
960 3350 1007 3400 est
1030 3337 1061 3399 in
1084 3336 1184 3401 oculis
1206 3341 1285 3417 suis,
1309 3357 1342 3408 et
1366 3368 1428 3411 nou
1456 3360 1497 3411 est

549 3443 579 3503 ei
595 3439 706 3503 similis
727 3438 756 3500 in
774 3450 842 3501 tota
865 3438 1041 3503 Comoedia.
1086 3438 1215 3523 Dignus
1229 3455 1277 3506 est
1294 3465 1373 3530 ergo
1387 3448 1443 3533 qui
1457 3447 1499 3511 iu-

548 3539 747 3602 tromittatur
769 3538 808 3600 ad
827 3538 995 3615 Thaidem,
1017 3539 1146 3603 excluso
1161 3541 1324 3621 Phaedria,
1347 3547 1406 3631 qui
1421 3549 1451 3612 in
1465 3571 1500 3613 ea

548 3662 609 3702 non
627 3642 732 3702 minus
754 3638 882 3703 insanit.
929 3640 1025 3704 Dolet
1045 3638 1204 3715 exclusus,
1220 3664 1239 3704 a
1256 3666 1349 3709 servo
1372 3648 1500 3715 docetur

545 3740 662 3814 sobrio,
685 3753 721 3802 ut
745 3742 870 3804 recedat
894 3763 913 3803 a
935 3741 1113 3816 meretrice,
1142 3740 1294 3828 bonoque
1323 3747 1365 3812 sit
1388 3751 1500 3827 auimo,

544 3841 622 3928 quia
644 3841 668 3904 si
691 3841 730 3904 ad
756 3841 861 3925 ignem
884 3843 1063 3919 accesserit,
1086 3846 1220 3908 calescet
1243 3849 1319 3930 pius
1336 3853 1425 3932 satis,
1445 3875 1498 3917 nec

543 3944 686 4032 patiatur
705 3944 914 4010 contumelias
937 3946 1154 4020 meretricum,
1174 3967 1249 4029 quae
1274 3971 1339 4014 una
1362 3952 1434 4019 falsi
1459 3955 1499 4019 ia·

544 4045 712 4128 cbrinruia,
726 4069 822 4132 quam
838 4045 947 4110 oculos
962 4046 1075 4110 misera
1098 4046 1238 4124 terendo,
1256 4052 1311 4115 vix
1328 4054 1360 4117 vi
1375 4079 1498 4142 expret-

542 4151 652 4228 serint,
669 4151 860 4232 restringent
874 4148 1011 4211 amantis
1027 4150 1135 4229 bilem,
1154 4164 1187 4214 et
1209 4149 1294 4216 ultro
1316 4173 1496 4224 accusantes

541 4251 573 4314 id
599 4263 704 4333 agent,
723 4264 758 4312 ut
783 4248 963 4312 ultroneum
987 4249 1178 4334 supplicium
1202 4267 1368 4337 praesteut.
1417 4260 1494 4323 Nam

538 4353 699 4439 sapienter·
721 4372 825 4413 amare
848 4370 940 4411 nemo
962 4349 1087 4414 facilius
1110 4364 1226 4436 potest,
1249 4376 1348 4438 quam
1376 4361 1494 4425 ratione
