3550 5467
417 750 478 810 199
669 760 805 807 roaams
820 759 1101 807 ammonere
1216 733 1299 826 [arn.
1314 762 1367 809 nr.

417 927 533 991 terunt;
564 914 646 979 adeo
669 913 812 999 quidem,
837 925 874 978 ut
899 913 1073 979 dtr-modo
1097 915 1133 978 in
1161 912 1316 979 considis
1335 925 1366 979 et

414 1016 496 1081 locis
521 1016 627 1081 minus
652 1016 768 1080 sobriis
792 1027 951 1091 caream,
976 1017 1126 1101 quisquis
1150 1037 1224 1080 earn
1247 1014 1362 1100 jaan

414 1129 519 1181 tamen
535 1118 642 1182 horret
660 1139 699 1182 ac
718 1114 847 1199 refugit,
860 1118 1041 1181 sobrietatis
1062 1117 1210 1182 rideatur
1227 1119 1362 1201 ignaua

416 1219 502 1287 Nam
526 1220 584 1283 etsi
610 1219 837 1285 contumeliam
861 1220 979 1292 habam
1000 1217 1196 1297 evidentem,
1219 1220 1270 1282 rel
1293 1219 1361 1281 abs

414 1319 586 1397 wadium,
615 1320 770 1404 patientia
797 1319 1055 1404 reprehensionis
1083 1319 1173 1404 apud
1204 1319 1363 1404 sapientes

413 1422 512 1504 longe
526 1421 693 1503 gloriosior
713 1433 772 1499 est,
787 1443 883 1509 quam
903 1443 1010 1505 poena.
1055 1422 1140 1493 Iade
1158 1421 1361 1487 loedoriarnu

413 1533 448 1589 et
461 1536 681 1603 scommatum,
694 1524 790 1588 etiarn
804 1523 955 1590 adversus
968 1525 1053 1593 viros
1067 1545 1194 1588 summa
1207 1534 1360 1610 potestate

415 1625 577 1709 praeditos,
589 1624 787 1700 exercitium,
797 1625 1000 1689 licentiosum
1010 1625 1113 1708 magis
1128 1647 1227 1710 qnam
1241 1625 1360 1689 licita·

414 1736 473 1793 est
510 1726 573 1791 Est
584 1739 701 1800 autem,
713 1737 749 1789 ut
758 1726 792 1789 in
806 1727 888 1793 libro
903 1725 1155 1790 saturnaliorum
1168 1725 1361 1793 Eustachias

415 1827 523 1904 docet,
536 1828 679 1906 loedoria,
691 1849 763 1914 qnae
776 1827 1056 1910 exprobrationem
1070 1838 1105 1891 et
1118 1827 1275 1899 directam
1288 1845 1361 1888 oon·

414 1931 576 2000 tumeliam
594 1931 747 1992 continet.
793 1927 943 1992 Scomrna
961 1928 1093 2013 quidem
1113 1949 1241 1992 morsos
1261 1938 1311 1990 est
1329 1925 1361 1993 fi·

414 2044 553 2113 guratus,
569 2030 645 2117 quia
658 2054 745 2115 sepe
763 2033 813 2096 vel
832 2031 953 2110 fraude,
968 2033 1021 2096 vel
1041 2033 1222 2096 urbanitate
1239 2032 1363 2114 tegitur,

412 2147 449 2196 ut
461 2132 550 2195 aliud
564 2145 667 2209 sonet,
681 2132 769 2197 aliud
782 2134 958 2216 intelligam
981 2155 1041 2198 nec
1057 2145 1167 2199 tamen
1181 2155 1311 2218 semper
1322 2131 1362 2195 sd

411 2233 656 2305 amaritudinem
677 2237 792 2318 pergit,
814 2234 871 2300 sed
892 2257 1122 2320 nonnunquam
1146 2235 1209 2317 bis,
1228 2237 1262 2299 in
1284 2254 1362 2319 quos

406 2334 535 2419 jacitur,
558 2346 591 2399 et
612 2335 707 2399 dulce
731 2348 791 2401 est.
833 2337 933 2410 Quod
954 2358 1056 2419 genus
1078 2338 1221 2405 maxime
1241 2338 1294 2402 vei
1314 2357 1362 2400 ss·

411 2435 516 2518 piens,
530 2437 580 2499 vel
593 2436 676 2501 alius
689 2437 831 2503 urbanus
846 2449 985 2515 exercet,
999 2439 1161 2521 precipue
1176 2440 1262 2502 inter
1275 2458 1361 2503 men·

411 2561 465 2609 m
477 2551 511 2603 et
524 2541 652 2623 pocula,
663 2541 718 2604 ubi
729 2542 834 2608 facilis
843 2553 893 2606 est
904 2541 946 2604 ad
957 2542 1155 2606 iracundiam
1166 2543 1361 2627 proscenio

412 2644 497 2707 Nam
513 2642 598 2706 sieut
616 2643 650 2706 in
670 2643 826 2727 precipiti
845 2654 994 2721 stantem,
1009 2645 1058 2707 vel
1075 2644 1159 2708 levis
1176 2656 1284 2709 tactus
1302 2645 1360 2707 im·

409 2740 515 2824 pellit;
546 2739 593 2802 ita
619 2740 694 2804 rino
719 2741 769 2804 rei
793 2736 946 2813 mineum,
972 2741 1023 2803 vel
1048 2759 1361 2824 “perrumperent

408 2860 542 2927 quoque
563 2839 655 2904 dolor
675 2841 789 2903 incitat
810 2842 843 2903 ia
869 2841 1016 2904 furorem.
1061 2840 1150 2921 Ergo
1174 2840 1303 2905 cautius
1327 2838 1360 2902 ia

410 2940 556 3013 canusio
574 2941 802 3018 abstinendum
822 2952 1006 3018 scommate,
1025 2939 1113 3026 qood
1136 2951 1256 3006 tectam
1277 2942 1360 3004 intra

410 3061 446 3107 se
460 3043 558 3115 habet
571 3042 727 3126 injuriam.
762 3044 869 3107 Tanto
884 3042 970 3107 enim
983 3043 1124 3126 pressius
1137 3043 1266 3109 herent
1275 3042 1361 3107 diota

408 3143 495 3220 talis,
508 3164 605 3228 quam
620 3142 750 3209 directae
762 3143 926 3221 lmdorire3
949 3156 984 3208 ut
991 3144 1078 3220 hami
1088 3145 1251 3228 angulosi,
1264 3166 1360 3230 quam

406 3243 523 3309 directi
537 3266 718 3323 mucrones,
733 3247 876 3310 tenacius
895 3246 1080 3330 inflgrmtur.
1123 3248 1275 3314 Maxime
1287 3248 1362 3332 qnia

408 3346 496 3413 dicta
511 3347 692 3431 hujusmodi
707 3349 803 3412 risum
815 3350 1026 3432 presentibus
1041 3360 1181 3427 movent,
1193 3372 1261 3434 qno
1275 3351 1361 3415 relat

406 3468 556 3515 musas
578 3471 706 3529 genere,
728 3448 955 3517 confirmantur
975 3450 1108 3536 injurie.
1163 3453 1228 3516 Est
1254 3464 1360 3517 aowin

406 3547 541 3612 lodoria
558 3547 757 3631 hujusmodi:
796 3548 984 3614 Oblitus-ne
1003 3571 1049 3629 es,
1068 3551 1148 3634 qaia
1165 3552 1359 3617 salsamenta

407 3644 593 3711 vendebas?
639 3649 791 3714 Scomma
812 3664 929 3726 autem,
949 3648 1034 3736 quod
1057 3648 1181 3727 dietum
1203 3664 1265 3728 est.
1284 3675 1359 3718 eon·

406 3748 566 3814 tumeliam
583 3768 653 3812 esse
667 3749 810 3826 relatam,
823 3753 885 3816 tale
899 3764 962 3817 este
996 3752 1219 3832 Meminimus,
1228 3753 1359 3838 qundo

405 3848 535 3915 brachio
551 3856 581 3911 te
596 3849 799 3931 emungebas.
843 3852 928 3915 Nam
942 3874 1043 3937 quum
1065 3873 1116 3916 res
1136 3852 1256 3918 eadem
1276 3865 1358 3919 ntro·

405 3952 504 4035 bique
519 3949 606 4021 dicta
620 3950 673 4030 sit,
686 3950 768 4016 illud
782 3963 889 4017 tamen
904 3954 1037 4019 loedoria
1051 3965 1117 4019 est:
1140 3955 1231 4040 quod
1249 3969 1358 4042 aparte

405 4052 568 4139 objectum
596 4055 887 4138 exprobrammque
912 4067 975 4121 est:
1004 4055 1068 4121 hoc
1092 4077 1248 4133 wemma,
1272 4056 1357 4143 quod

403 4155 546 4238 figurate.
590 4157 674 4221 Sunt
695 4168 870 4219 scommata
892 4156 998 4223 minus
1019 4177 1147 4241 aspera,
1170 4181 1246 4245 qum
1266 4159 1357 4246 qumi

403 4257 560 4323 edentatae
571 4257 686 4323 bellue
698 4266 918 4321 suntmorsus.
946 4257 1358 4339 UtTulliusinconsulsm,

403 4359 459 4441 qui
488 4381 552 4425 uno
585 4371 707 4425 tantum
737 4356 788 4421 die
818 4360 1020 4424 consulatum
1050 4361 1190 4444 peregitr
1235 4363 1357 4441 Solent,
