3550 5467
540 713 598 772 tst
773 696 908 770 soal-us
924 723 1203 771 snnssnsatsnms
1334 709 1420 790 [nra.
1435 729 1489 774 vn.

538 900 621 939 nnus
643 875 761 959 accepit
785 875 942 940 bravium.
992 875 1047 940 llle
1070 878 1127 962 qui
1147 881 1296 942 incursu
1312 878 1490 942 ambitionis

536 977 607 1040 aliis
621 974 757 1039 velocior
772 974 892 1048 extitit,
908 987 940 1038 et
961 975 1019 1059 qui
1038 980 1250 1060 praecucurrit
1274 975 1373 1040 citius
1388 978 1490 1050 Petro,

535 1092 567 1142 et
583 1077 695 1163 quovis
711 1076 939 1160 discipulorum
958 1074 1087 1139 Christi.
1133 1075 1288 1140 Ascendit
1300 1080 1385 1140 enim
1402 1075 1490 1156 illico,

535 1193 567 1243 et
591 1200 714 1243 omnem
736 1177 929 1240 celeritatem
952 1176 1108 1241 festinatae
1129 1179 1307 1242 vocationis
1327 1178 1486 1264 praevenit.

536 1280 582 1344 Hi
605 1293 679 1343 sunt
705 1278 763 1364 qui
789 1277 910 1341 crebris
937 1278 1123 1343 muneribus
1147 1279 1278 1344 visitant
1306 1293 1486 1364 potestates,

534 1381 678 1446 laterales
700 1395 732 1445 et
755 1380 926 1444 familiares
948 1403 1057 1444 eorum
1082 1382 1267 1461 sollicitant,
1288 1382 1486 1448 eeclesiarum

534 1484 645 1570 primis
659 1507 691 1547 se
706 1481 940 1560 commendant,
955 1483 1152 1566 applaudant
1167 1485 1332 1559 omuibus,
1348 1498 1381 1548 et
1397 1485 1485 1548 etiarn

534 1607 719 1669 magnarum
736 1583 892 1645 domuum
908 1605 969 1645 non
986 1582 1080 1646 modo
1091 1583 1251 1659 officiales,
1262 1583 1319 1647 sed
1332 1582 1489 1647 ciniflones

534 1698 659 1767 rogant,
673 1696 708 1747 ut
724 1705 823 1767 quum
839 1681 940 1744 locum
959 1681 1106 1762 viderint,
1122 1683 1326 1747 meminerint
1341 1683 1402 1748 sui.
1446 1683 1486 1748 Hi

535 1797 610 1849 sunt
632 1786 723 1849 amici
746 1782 899 1856 omnium,
915 1800 946 1847 et
968 1785 1108 1869 quinon
1130 1809 1174 1861 se,
1190 1786 1245 1849 sed
1267 1786 1389 1850 amicos
1408 1787 1437 1850 in
1457 1809 1486 1849 se

536 1888 715 1953 desiderant
731 1885 919 1971 promoveri.
966 1886 1011 1949 Hi
1027 1900 1100 1951 snut
1117 1887 1175 1972 qni
1190 1889 1289 1952 vitam
1308 1902 1486 1953 scrutantur

535 1990 681 2068 alienam,
706 1991 872 2072 negligunt
899 2009 1000 2062 suam,
1028 1987 1235 2054 infulatorum
1267 2013 1371 2055 annos
1399 1991 1487 2055 dinu-

536 2104 670 2169 merant,
689 2087 776 2152 canis
797 2093 960 2161 laetantur,
978 2091 1127 2175 physicos
1149 2104 1181 2155 et
1205 2092 1434 2157 Genethliacos
1451 2092 1487 2156 dc

535 2190 611 2254 fatis
640 2189 879 2274 praesidentium
911 2191 1093 2267 consulunt,
1123 2190 1243 2256 librant
1272 2195 1435 2275 humores,
1458 2207 1486 2257 et

536 2295 629 2379 quasi
651 2291 682 2354 in
704 2304 823 2354 statera
843 2292 1033 2376 appendunt
1055 2293 1209 2358 elementa
1233 2297 1429 2369 triventinam
1457 2310 1487 2359 et

536 2417 618 2481 qnos
632 2393 755 2458 diutius
770 2416 933 2479 superesse
947 2399 1180 2481 conspexerint,
1196 2409 1325 2460 aetatem
1348 2398 1490 2462 Nestoris

537 2498 649 2561 dicunt
676 2494 840 2570 excedere,
863 2509 895 2559 et
921 2497 1003 2559 cervi
1032 2511 1088 2561 aut
1114 2497 1248 2562 cornicis
1267 2501 1336 2584 jam
1361 2500 1489 2585 implere

536 2621 726 2664 mensuram.
781 2597 911 2664 Debiles
941 2611 1035 2662 aetate
1065 2599 1114 2661 vel
1144 2600 1259 2664 morbo
1291 2603 1486 2677 concutiunt,

537 2701 631 2765 etiarn
663 2699 800 2763 sinceros
828 2699 1013 2761 criminibus
1047 2698 1226 2764 incrustant
1262 2702 1430 2779 simulatis,
1458 2716 1491 2768 et

537 2801 628 2889 quasi
650 2800 854 2886 baeredipetoe
874 2799 1087 2863 vacillantium
1109 2803 1268 2867 cathedris
1291 2805 1488 2883 insidiantur,

538 2907 692 2990 turpique
717 2902 944 2967 interueniente
973 2905 1162 2968 commercio
1184 2923 1413 2993 occupatarum
1444 2936 1491 2975 sc·

537 3007 626 3069 dium
658 3029 742 3091 saepe
771 3005 896 3069 illicitas
925 3005 1097 3091 impetrant
1128 3008 1290 3073 sessiones
1339 3013 1386 3076 Hi
1416 3026 1485 3076 suat

537 3106 593 3193 qni
614 3105 655 3172 de
670 3131 703 3171 se
718 3106 943 3192 coadjuvandis
964 3123 996 3170 et
1013 3111 1246 3194 promovendis,
1263 3114 1403 3178 nefarias
1414 3115 1489 3179 obli·

536 3210 680 3294 gatioues
691 3208 915 3294 interponunt3
931 3226 962 3273 et
975 3211 1100 3274 tandem
1114 3235 1215 3297 quum
1229 3215 1269 3276 ad
1281 3238 1348 3279 rem
1361 3231 1487 3282 ventum

536 3325 594 3390 est,
623 3313 822 3376 immemores
851 3312 925 3375 fidei
951 3327 1062 3377 contra
1091 3314 1184 3378 fidem
1215 3315 1314 3396 datae,
1342 3342 1377 3382 se
1405 3320 1492 3406 ipsos·

535 3412 717 3478 ambitionis
731 3424 763 3476 et
778 3411 910 3474 invidiae
925 3413 1062 3476 stimulis
1079 3414 1256 3501 impediunt
1271 3432 1303 3481 et
1320 3418 1485 3505 repellunt.

537 3514 571 3576 Si
586 3535 662 3595 ergo
678 3514 866 3598 plerumque
880 3513 959 3578 dum
975 3518 1218 3601 competitorum
1235 3518 1305 3583 rixa
1320 3522 1489 3602 crudescit,

535 3615 688 3697 sapientia
711 3614 784 3693 Dei,
807 3637 865 3699 per
886 3616 1044 3680 occultam
1071 3631 1101 3682 et
1128 3632 1245 3682 rectam
1272 3619 1487 3706 dispositionis

534 3739 600 3781 sum
615 3717 710 3794 vium,
724 3717 847 3780 fidelem
870 3717 1068 3802 incognitum
1090 3722 1277 3800 introducit,
1293 3724 1334 3787 de
1358 3749 1491 3812 quoae·

534 3841 694 3903 quaquam
707 3833 909 3905 praecesserat
925 3844 1027 3884 sermo
1043 3823 1089 3886 rel
1103 3825 1264 3906 cogitatio
1305 3826 1374 3891 Illa
1385 3843 1485 3893 tamen

533 3944 573 3985 ex
589 3920 847 4006 contingentibus
862 3922 940 3985 nibil
957 3924 1121 4001 omittunt,
1138 3926 1196 3990 nisi
1216 3928 1300 3991 forte
1315 3931 1349 3992 in
1365 3955 1404 3994 eo
1418 3953 1491 3994 con-

535 4025 691 4108 tingentia
705 4025 962 4110 praetermittant,
977 4028 1064 4110 quod
1088 4030 1258 4093 ambiendo
1281 4033 1412 4098 modum
1435 4058 1486 4100 ex·

533 4129 661 4206 cedunt,
677 4127 702 4190 si
720 4129 871 4191 tamenin
895 4151 932 4190 eu
951 4128 1067 4213 aliquis
1088 4146 1134 4194 est
1152 4133 1238 4195 modi
1258 4158 1420 4213 excessus,
1435 4137 1486 4200 ubi

532 4229 639 4295 nullus
660 4243 708 4293 est
731 4230 859 4293 omnino
881 4228 1004 4294 modus.
1055 4231 1183 4296 l'ulsant
1208 4233 1321 4320 itaque
1347 4254 1380 4301 et
1408 4262 1487 4323 prae·

531 4332 663 4416 cipitant
688 4345 870 4417 potestates,
892 4332 916 4393 si
941 4331 1093 4417 obsequia
1115 4357 1176 4398 non
1200 4337 1376 4417 sufficiunt,
1399 4342 1424 4404 si
1445 4340 1487 4404 in·
