3550 5467
407 747 479 805 cnr.
494 729 592 824 xxm]
768 752 1022 807 nonrcnerrcus,
1306 737 1367 811 195

407 913 543 996 peregit,
558 915 695 978 alterum
711 913 995 996 professioneque
1009 916 1110 978 solum
1127 924 1262 999 poterat.
1300 917 1362 981 Cn

407 1015 568 1080 lentulus
578 1016 788 1080 Marcellinus
802 1012 927 1094 consul,
936 1037 1035 1099 quum
1050 1016 1085 1080 iu
1099 1007 1304 1082 contentione
1320 1018 1361 1081 de

405 1111 519 1200 Magni
538 1117 687 1203 Pompeii
702 1117 803 1182 nimie
823 1117 967 1201 potentis
988 1129 1182 1202 quereretur,
1195 1135 1359 1184 assensus·

405 1230 467 1302 qne
482 1219 514 1282 ei
535 1220 624 1284 clem
638 1240 715 1286 roce
738 1220 877 1304 populus
899 1228 1002 1283 esset:
1031 1221 1228 1299 Acclamate,
1243 1219 1359 1304 inquit,

405 1319 560 1398 Quirites,
581 1321 767 1398 acclamate,
788 1313 865 1384 dum
888 1321 974 1397 licet,
994 1320 1063 1405 jam
1085 1320 1285 1385 enimvobis
1307 1322 1357 1384 in-

405 1429 606 1484 tumescente
620 1421 776 1505 Pompeio
798 1420 832 1484 id
856 1421 961 1484 facere
975 1439 1041 1484 non
1065 1415 1193 1486 licebit:
1223 1422 1357 1505 impu-uc

406 1528 516 1584 tamen
540 1531 606 1585 tam
632 1522 743 1585 eximii
767 1520 847 1586 civis
871 1523 999 1605 pulsatu
1027 1522 1171 1604 potentia
1199 1534 1258 1599 est,
1280 1523 1356 1586 hinc

406 1619 570 1686 'urridiosa
584 1625 724 1707 querela,
739 1623 817 1687 hinc
831 1623 1061 1688 lamentatione
1075 1624 1256 1688 miserabili.
1301 1615 1359 1686 Ei-

407 1719 483 1784 dem
497 1722 638 1787 candide
648 1724 748 1788 {ascia
763 1745 836 1788 crus
851 1724 1016 1806 alligatum
1031 1724 1174 1802 habenti,
1186 1725 1358 1799 Favonius,

408 1823 485 1887 Non
500 1824 606 1901 refert,
621 1825 736 1910 inquit,
747 1846 812 1910 qna
826 1826 861 1888 in
875 1835 965 1909 parte
981 1827 1125 1910 corporis
1144 1825 1186 1890 sit
1200 1824 1359 1889 diadema.

408 1920 477 1988 Res
490 1923 562 2010 ejus
574 1927 678 2008 regias
692 1928 891 2011 exprobrans
905 1927 1109 1991 'cavillatione
1124 1927 1224 2012 panni
1239 1927 1358 2010 exigui.

408 2027 474 2092 sed
487 2029 517 2093 ia
532 2038 645 2094 neutra
658 2031 692 2093 in
715 2040 804 2114 parte
826 2039 948 2095 mutato
963 2033 1063 2108 vultu,
1078 2042 1247 2114 utrumque
1265 2029 1361 2110 cavit,

408 2146 450 2194 ne
467 2141 524 2194 aut
536 2130 628 2195 hilari
644 2132 747 2196 fronte
760 2134 898 2197 libenter
910 2154 1082 2216 agnoscere
1102 2133 1288 2217 potentiam,
1304 2145 1359 2197 aut

409 2233 489 2297 tristi
517 2233 597 2297 irent
626 2230 769 2318 profiteri
798 2234 966 2299 videretur.
1013 2228 1104 2299 idem
1134 2257 1207 2300 cnm
1238 2236 1359 2299 Helvio

409 2325 582 2399 Formiano
604 2328 745 2400 libertini
771 2336 837 2399 filio
859 2337 1091 2422 improperans,
1112 2338 1200 2423 quod
1224 2337 1360 2401 redierat

407 2438 450 2502 ub
474 2437 595 2516 inieris,
621 2450 657 2502 nt
682 2439 818 2502 Lucium
844 2439 1011 2517 Libonem,
1037 2439 1174 2504 amicum
1201 2436 1360 2522 Pompeii,

408 2550 594 2605 eccmmet:
625 2542 677 2604 Ab
698 2541 819 2618 inseris,
842 2538 958 2625 iuquit,
982 2541 1118 2605 Helvius
1140 2541 1174 2603 in
1200 2539 1359 2603 Libonem

409 2642 504 2705 renio
530 2653 716 2718 accmator3
745 2642 804 2707 sed
828 2639 906 2706 dnm
931 2642 998 2705 illic
1026 2649 1167 2704 moratus
1188 2660 1269 2715 sum,
1293 2627 1358 2701 vidi

407 2741 661 2826 quamplurimos
679 2742 712 2803 iu
737 2741 863 2805 diversa
883 2749 989 2819 aetate,
1003 2749 1035 2804 et
1055 2762 1136 2804 sexu
1160 2741 1359 2815 innocentes,

408 2843 529 2908 ibidem
546 2842 586 2908 de
601 2852 632 2907 te
648 2843 831 2925 gravissime
847 2854 1092 2926 conquerentes,
1103 2863 1184 2926 qnos
1198 2843 1287 2925 ipsos
1302 2859 1360 2927 pet

409 2938 493 3010 banc
502 2947 838 3030 importabilembonis
848 2945 1117 3029 potentiamtnam
1127 2944 1273 3028 nequiter
1281 2965 1360 3007 con·

410 3045 630 3122 demereris3
664 3057 699 3110 et
723 3047 831 3110 omnia
856 3046 1002 3130 Pompeii
1028 3057 1177 3130 perversa
1202 3056 1234 3109 et
1258 3064 1361 3128 repree

409 3147 593 3227 hendendo,
607 3148 814 3212 audientibus
829 3147 956 3212 cunctis
971 3146 1132 3230 exposuit
1179 3144 1292 3231 Itaque
1307 3168 1360 3209 eo·

408 3248 484 3314 dem
496 3257 639 3333 ternpore
648 3256 681 3312 ct
693 3249 897 3312 fortissimum
909 3260 977 3312 erut
992 3247 1148 3330 Pompeio
1159 3245 1363 3323 maledicere,

409 3360 444 3415 et
457 3350 663 3414 tutissimum.
709 3344 806 3416 Unde
826 3361 858 3413 et
880 3350 1054 3434 Deiphilus
1078 3346 1256 3432 Tragoedus
1279 3348 1362 3411 inter

409 3450 571 3534 agendum
580 3454 712 3535 populo,
722 3451 842 3515 directa
851 3455 883 3515 in
895 3451 1086 3535 Pompeium
1095 3472 1203 3528 manu,
1211 3438 1359 3529 Miseria,

409 3550 527 3637 inquit,
537 3561 646 3616 nestra
659 3547 811 3634 Magnus
822 3559 878 3617 est.
918 3552 999 3616 Item
1015 3553 1053 3617 0.
1070 3551 1217 3617 Carbone
1228 3554 1361 3617 consule

405 3652 544 3738 jubente
559 3654 688 3719 obsides
702 3655 769 3719 dari
787 3678 807 3720 a
829 3656 1035 3734 Placentinis,
1049 3656 1182 3720 Murcus
1198 3655 1362 3720 Castutius

410 3755 558 3819 libertate
580 3757 804 3832 inflammatus,
818 3778 879 3820 nec
903 3757 1008 3834 minis,
1028 3777 1089 3821 nec
1111 3757 1232 3838 viribus
1254 3758 1361 3832 cessit,

409 3853 475 3919 imo
497 3855 625 3920 consuli
647 3853 768 3919 dicenti
791 3876 825 3919 se
847 3856 964 3920 habere
986 3856 1120 3937 gladios,
1137 3857 1312 3940 respondit,
1329 3869 1362 3919 et

409 3974 471 4039 ego
493 3977 607 4021 annos.
653 3956 781 4023 Servius
803 3952 911 4022 Galba
933 3974 990 4041 pro
1013 3959 1168 4043 Pompeio
1190 3959 1363 4038 obligatus,

411 4079 509 4142 quum
534 4059 567 4122 in
586 4059 655 4122 soro
678 4061 919 4123 convenireturr
943 4055 1014 4135 cai,
1037 4059 1150 4144 inquit,
1167 4055 1287 4134 Cesar,
1305 4077 1363 4139 pro

413 4160 570 4245 Pompeio
593 4180 710 4242 genero
728 4159 889 4244 quondam
906 4172 971 4236 tuo,
987 4160 1078 4222 tertio
1103 4159 1174 4243 ejus
1197 4155 1364 4221 consulatu

412 4263 583 4346 pecuniam
596 4262 784 4346 spospondi,
798 4280 863 4345 quo
875 4260 1006 4324 nomine
1018 4279 1103 4322 nunc
1114 4258 1266 4343 appellor.
1279 4253 1366 4325 Quid

412 4365 527 4445 agam?
546 4365 602 4426 An
614 4363 817 4447 dependam?
831 4363 940 4426 Petam
951 4368 1162 4445 atqueaperte
1175 4358 1369 4421 eibonorurn

861 4467 919 4524 02
