3550 5467
263 766 334 814 cae.
349 749 419 829 xa]
539 722 546 736 ⁶
617 765 873 813 ronrcssrrcus.
1163 758 1224 819 189

265 939 354 983 arnor
367 919 536 984 commodi
552 919 680 982 inustus
694 930 744 983 est
762 918 895 996 homini,
911 931 946 981 ut
969 920 1065 984 etiam
1080 923 1137 1006 qui
1159 944 1225 986 non

268 1020 335 1102 agit
349 1031 385 1085 ut
398 1022 508 1084 bonus
523 1019 576 1099 sit,
586 1022 692 1083 bouus
706 1018 807 1082 rideri
821 1020 908 1097 velit,
919 1029 951 1084 et
965 1020 998 1084 in
1014 1022 1225 1089 estimatione

265 1124 315 1186 sni
330 1124 470 1187 aliorum
485 1122 584 1186 credit
600 1142 701 1185 errare
718 1120 854 1204 judicia.
901 1123 985 1187 Nam
1000 1133 1037 1186 ut
1051 1126 1156 1188 bonus
1171 1127 1225 1204 sit,

267 1245 335 1287 non
350 1223 515 1289 commodi
530 1221 672 1308 quidem,
685 1222 744 1285 sed
759 1222 840 1306 justi
855 1243 944 1285 amor
957 1225 1084 1288 efficiet
1131 1227 1225 1299 Quae-

269 1326 349 1388 ritur
366 1345 444 1405 ergo
457 1322 633 1387 reverentia
648 1323 896 1400 conviventium,
911 1325 968 1387 sed
983 1326 1054 1389 brec
1077 1327 1149 1410 ipse
1163 1329 1223 1392 nin

269 1425 364 1488 samse
388 1423 549 1487 beneficio
574 1422 795 1504 protendatur,
820 1424 933 1490 leviter
962 1427 1135 1490 evanescit.
1182 1431 1226 1494 At

269 1526 327 1589 ills
341 1546 415 1608 qun
431 1524 565 1606 gloriam
588 1523 722 1605 paritet
743 1535 905 1605 prorogat,
921 1546 962 1588 ex
987 1528 1098 1590 multis
1123 1530 1223 1610 surgit

270 1627 425 1704 artieirlis,
436 1625 495 1689 sed
506 1625 646 1688 maxime
655 1645 676 1684 e
688 1625 840 1688 virtutum
852 1625 1008 1689 exercitio
1018 1630 1223 1692 convalescit.

271 1729 369 1791 Patet
382 1748 460 1808 ergo
483 1748 579 1810 quam
593 1726 772 1790 laboriosus
795 1727 837 1789 sit
852 1727 1004 1791 transitus
1025 1728 1068 1790 ad
1091 1729 1225 1793 beatitu-

271 1829 380 1894 dinem
395 1849 455 1912 per
466 1830 655 1912 voluptates.
694 1829 759 1900 Qui
772 1828 974 1892 sufficientiae
986 1850 1084 1894 causa
1098 1830 1226 1896 divitias

271 1942 461 2012 congerunt,
471 1942 507 1994 ut
517 1930 660 2014 potentia
670 1930 824 2006 nitantur,
832 1930 1060 2014 amplitudines
1070 1945 1225 2015 querunt,

273 2031 449 2113 dignitates
474 2030 516 2094 ad
545 2031 751 2094 reverentiam
777 2041 810 2094 et
840 2032 948 2112 fugam
978 2045 1169 2114 contemtus,
1195 2049 1226 2099 et

273 2132 486 2198 eonossisndae
501 2132 694 2196 celebritatis
709 2132 822 2216 gretia,
837 2132 1003 2216 adspirant
1018 2134 1057 2198 ad
1082 2137 1224 2219 gloriam.

275 2235 338 2298 His
367 2245 475 2298 umen
504 2235 653 2297 omnibus
678 2255 742 2295 non
773 2255 814 2299 ea
838 2234 914 2312 vita,
940 2257 1034 2319 quam
1064 2238 1225 2322 Epicurus

273 2335 437 2412 describit,
446 2336 634 2420 acquiritur,
646 2348 678 2398 et
694 2357 766 2420 quae
781 2336 919 2401 tristitiae
935 2337 976 2401 sit
991 2348 1023 2401 et
1039 2341 1141 2405 totius
1155 2363 1224 2426 per·

273 2436 463 2502 turbationis
484 2437 602 2518 ignara.
647 2438 712 2500 Aut
733 2438 818 2500 enim
843 2438 915 2501 haec
938 2440 970 2500 in
993 2461 1093 2503 unum
1115 2464 1224 2527 quem·

273 2540 354 2603 libet
371 2560 437 2602 non
453 2548 656 2616 concurrunt,
670 2548 726 2602 aut
748 2560 813 2601 non
836 2541 1014 2620 conferunt,
1029 2564 1109 2624 quos
1131 2544 1223 2626 polli-

275 2653 385 2704 centur
408 2642 554 2704 effectus.
600 2640 671 2702 lmo
693 2650 726 2703 et
751 2642 939 2723 saepissime,
962 2651 1112 2726 tanquam
1135 2665 1154 2706 e
1177 2666 1222 2708 re·

274 2741 369 2822 gione
384 2742 574 2816 consistant,
590 2742 801 2824 querentium
815 2740 898 2804 votis
913 2744 1070 2806 contraria
1089 2764 1224 2826 operan-

276 2857 335 2907 tur.
380 2843 417 2906 Si
431 2843 511 2906 mibi
526 2865 592 2906 non
613 2843 729 2917 credis,
745 2844 826 2906 liber
846 2842 887 2906 de
903 2843 1130 2907 Consolatione
1149 2845 1226 2908 Phi-

276 2944 432 3028 losophiae
447 2946 625 3007 revolvatur
638 2944 803 3021 attentius,
818 2956 850 3007 et
869 2945 1001 3026 planum
1021 2944 1080 3007 erit
1100 2945 1171 3010 hmo
1191 2947 1225 3010 in

276 3045 467 3108 contrarium
490 3043 613 3108 cedere.
658 3046 705 3108 Et
727 3045 805 3107 licet
827 3045 910 3108 liber
929 3047 983 3107 ille
1007 3047 1138 3110 verbum
1159 3069 1224 3112 non

276 3145 436 3229 exprimat
461 3145 675 3222 incarnatum,
696 3157 805 3207 tamen
831 3143 917 3227 apud
942 3166 999 3208 eos
1026 3147 1079 3228 qui
1105 3149 1225 3213 ratione

275 3247 431 3324 nituntur,
456 3267 521 3309 non
548 3247 721 3310 mediocris
749 3246 947 3309 auctoritatis
976 3257 1035 3322 cst,
1060 3268 1158 3331 quum
1184 3250 1226 3313 ad

276 3347 512 3432 reprimendum
534 3349 710 3430 quemlibet
727 3348 920 3411 exulceratae
940 3348 1055 3412 mentis
1074 3348 1227 3430 dolorem,

277 3469 419 3530 congrua
433 3449 547 3533 cuique
559 3447 793 3511 medicamenta
804 3449 965 3513 conficiat.
1013 3452 1083 3516 Neo
1093 3451 1226 3516 Judaeus

278 3549 483 3631 quidem,nec
494 3549 629 3612 Graecus
638 3550 697 3611 sub
707 3547 1225 3632 praetextureligionis,medicins

277 3648 416 3712 declinet
430 3669 536 3722 usum,
546 3670 645 3732 quum
656 3638 856 3731 sapientibus
867 3649 901 3712 in
917 3650 993 3726 fide,
1003 3653 1079 3718 etin
1090 3652 1227 3737 perfidia

278 3747 520 3831 desipientibus,
533 3750 579 3813 sic
593 3748 723 3814 invidiae
736 3749 868 3813 rationis
882 3749 1041 3816 confectio
1055 3753 1227 3818 artificiosa

279 3848 476 3930 proficiatut
485 3851 574 3913 nulla
583 3851 694 3931 religio
704 3848 1093 3936 quodmiscetabominari
1101 3853 1227 3933 audeat,

278 3951 338 4014 nisi
353 3951 409 4035 qui
425 3951 557 4014 rationis
572 3973 689 4035 expers
704 3962 761 4014 est.
803 3951 880 4016 Sine
896 3952 1083 4016 difficultate
1097 3955 1227 4037 profun-

278 4048 337 4113 dns
347 4061 398 4113 est
408 4051 443 4113 in
456 4051 633 4125 sententiis,
643 4051 676 4113 in
689 4052 792 4114 verbis
803 4051 872 4113 sinc
881 4052 1010 4114 levitate
1022 4052 1227 4135 conspicuus,

277 4163 381 4217 orator
402 4152 587 4225 vehemens,
609 4153 726 4215 efficax
747 4152 996 4216 demonstrator:
1020 4151 1118 4214 adid
1140 4150 1227 4233 quod

278 4253 478 4338 sequendum
490 4263 548 4327 est,
560 4274 646 4316 nunc
659 4253 865 4336 probabiliter
874 4252 1024 4327 suadens,
1036 4272 1122 4315 nunc
1135 4251 1227 4332 quasi

278 4356 406 4419 stimulo
435 4353 633 4417 necessitatis
656 4353 833 4436 impellens.
879 4353 915 4415 Si
936 4352 1023 4428 huic,
1046 4360 1227 4413 utneeesse
