3550 5467
411 805 479 850 cae.
496 788 589 867 nn]
747 805 1003 852 marcmrrcos.
1302 796 1364 856 373

411 957 571 1042 depresso,
586 955 718 1042 coepcrit
734 958 781 1021 uti
804 958 946 1034 arbitrio,
963 981 1021 1044 per
1042 982 1074 1022 se
1090 959 1182 1024 cadat
1202 974 1314 1045 sponte
1330 963 1362 1025 in

410 1060 548 1143 culpam,
574 1074 606 1124 et
631 1059 704 1123 inde
728 1060 841 1124 merito
867 1084 926 1124 suo
949 1084 1092 1149 praeceps
1118 1064 1304 1148 prolabatur
1329 1065 1363 1128 in

409 1183 555 1245 poenam:
583 1161 661 1246 erigi
687 1174 790 1225 tamen
815 1184 1017 1246 nequaquam
1040 1176 1145 1249 potest
1168 1163 1208 1227 ad
1232 1164 1362 1245 bonum,

409 1261 467 1325 nisi
484 1262 590 1344 gratia
602 1261 662 1324 Dei
679 1277 839 1348 supponat
855 1284 982 1324 manum
996 1285 1096 1328 suam.
1128 1264 1213 1328 Lata
1224 1280 1271 1331 cst
1286 1290 1363 1353 ergo

409 1364 641 1448 Epicureorum
661 1365 723 1444 via,
738 1379 770 1428 et
791 1362 877 1427 haud
895 1362 1026 1427 dubiam
1046 1364 1136 1430 ducit
1151 1365 1192 1429 ad
1216 1381 1362 1445 mortem,

410 1486 466 1549 per
489 1464 631 1550 pericula
654 1477 770 1544 tamen,
786 1486 842 1549 per
856 1486 988 1543 errores,
1004 1486 1060 1548 per
1077 1467 1315 1547 amaritudines,
1330 1484 1362 1533 et

408 1588 465 1650 per
479 1567 678 1630 omnimodas
694 1567 860 1646 vanitates,
877 1580 913 1630 ut
935 1566 1044 1631 laetum
1061 1579 1093 1630 et
1116 1568 1260 1652 quietum
1277 1584 1362 1635 tran-

409 1668 518 1752 quillae
534 1669 609 1733 vitae
624 1682 742 1733 statum
759 1669 791 1731 in
807 1690 844 1731 ea
859 1667 966 1733 nullus
985 1669 1134 1749 inveniat,
1149 1669 1198 1733 vel
1214 1672 1254 1734 ad
1270 1671 1361 1736 illum

408 1771 549 1848 tandem,
560 1795 596 1837 ea
608 1771 755 1851 ducente,
766 1775 939 1856 perveniat.
968 1772 1051 1836 Nam
1065 1785 1185 1837 utvcra
1196 1774 1362 1839 beatitudo

410 1873 622 1957 possideatur,
633 1897 695 1938 non
710 1875 807 1953 canis,
819 1873 872 1937 sed
886 1874 968 1937 veris
979 1871 1187 1939 insistendum
1201 1890 1248 1941 est
1260 1879 1361 1942 bonis.

409 1974 498 2037 Vana
526 1978 610 2039 enim
637 1976 791 2040 cultorem
822 1998 914 2040 suum
937 1977 1129 2061 proturbant
1158 1979 1191 2041 in
1216 1980 1362 2043 tenebras

408 2076 591 2155 exteriores,
615 2076 655 2140 ad
678 2078 789 2143 fletum
816 2076 992 2159 oculorum,
1015 2079 1180 2143 stridorem
1204 2079 1361 2161 dentium,

409 2177 558 2242 tinnitum
579 2180 718 2260 aurium,
733 2196 765 2244 et
788 2180 891 2243 varias
911 2203 1082 2266 pressuras,
1100 2197 1130 2246 et
1153 2206 1262 2269 poenas
1282 2185 1361 2248 infe-

409 2301 527 2359 rorum,
541 2283 628 2369 apud
645 2306 725 2368 quos
737 2283 843 2347 nullus
857 2282 948 2360 ordo,
961 2284 1014 2348 sed
1028 2285 1237 2372 sempiternus
1249 2286 1360 2351 horror

408 2380 574 2447 inhabitat.

408 2727 486 2809 Cap.
504 2733 555 2787 25.
586 2727 670 2797 Quae
693 2726 747 2784 υἱα
759 2725 957 2803 fidelissima
983 2727 1036 2799 ait,
1059 2725 1104 2787 ad
1126 2727 1359 2810 assequendum

522 2827 607 2906 quod
624 2826 781 2906 Epicurei
796 2831 964 2906 appetunt,
980 2827 1028 2888 acl
1038 2828 1241 2907 pollicentur.

451 2989 654 3049 Snurcurrac
668 3000 771 3050 tamen
784 3008 846 3049 non
859 2997 949 3049 struo
960 2984 1161 3059 calumniam,
1175 3009 1249 3071 quae
1261 2988 1360 3052 beati.

407 3088 552 3154 tudinem
569 3110 637 3152 csse
652 3088 774 3168 definit,
789 3089 899 3152 laetum
920 3109 1053 3172 semper,
1068 3104 1100 3151 et
1116 3090 1258 3172 quietum
1275 3103 1358 3155 tran-

405 3190 515 3277 quillae
537 3191 611 3256 vita
632 3204 761 3257 statum.
799 3191 862 3257 Sed
883 3190 1144 3275 interpretatione
1167 3190 1304 3270 sinistra,
1325 3208 1356 3256 et

405 3294 519 3357 vitiosa
533 3294 730 3371 executione,
742 3294 878 3358 arbitror
893 3294 1088 3358 infamatam.
1116 3292 1204 3357 Adeo
1215 3294 1358 3378 quidem,

408 3412 443 3460 ut
459 3418 560 3480 quum
578 3396 729 3481 Epicurei
745 3399 807 3459 sint
823 3393 965 3480 plurimi,
979 3393 1012 3456 id
1029 3409 1086 3474 est,
1102 3396 1174 3458 vani
1190 3405 1358 3460 sectatores

406 3498 592 3583 voluptatis,
605 3520 717 3561 nomen
730 3498 788 3560 hoc
801 3497 893 3581 pauci
906 3496 1125 3582 profiteantur.
1153 3496 1355 3564 Erubescunt

406 3602 488 3664 enim
504 3601 566 3665 dici
582 3598 670 3686 quod
686 3611 773 3675 sunt,
786 3611 816 3662 et
832 3597 994 3683 propriam
1008 3597 1241 3684 turpitudinem
1252 3600 1357 3664 occul-

406 3716 472 3766 tare
497 3702 645 3766 nituntur
660 3700 784 3763 nomine
806 3699 919 3775 alieno,
935 3699 1014 3762 dum
1037 3723 1098 3763 non
1115 3716 1179 3765 tam
1194 3701 1269 3766 boni
1290 3727 1357 3768 esse

405 3805 551 3890 cupiunt,
567 3825 663 3889 quam
681 3800 790 3864 videri.
817 3800 851 3865 Si
866 3823 941 3864 vero
952 3800 1131 3866 diffinitioni
1148 3804 1249 3870 fidelis
1260 3806 1356 3871 detur

404 3908 570 3989 interpres,
579 3918 610 3968 et
620 3903 784 3969 sententiae
792 3903 978 3968 commodus
986 3918 1148 3980 executor,
1158 3906 1215 3989 qui
1225 3929 1354 3971 manum

406 4021 544 4094 apponat
569 4007 628 4084 ori,
652 4005 684 4068 id
711 4019 770 4086 est,
795 4009 852 4092 qui
879 4005 956 4069 facit
980 4007 1068 4089 quod
1094 4006 1249 4087 loquitur,
1273 4006 1354 4071 nihil

405 4113 508 4174 verius
522 4124 553 4173 et
569 4110 686 4173 rectius
701 4109 788 4194 apud
805 4107 960 4181 Stoicum,
977 4114 1008 4167 et
1024 4103 1270 4189 Peripateticum
1286 4130 1355 4171 esse

405 4211 582 4286 convinces,
595 4233 676 4295 quos
687 4209 727 4273 ad
741 4223 782 4287 te,
789 4205 936 4289 jucundo
945 4205 1076 4289 grandis
1088 4205 1147 4268 viae
1159 4208 1356 4291 compendio,

405 4335 506 4398 quum
529 4311 726 4396 praeceperis,
742 4306 952 4372 introducam.
994 4310 1043 4371 Ne
1066 4319 1169 4370 tamen
1192 4306 1287 4372 ullam
1307 4334 1356 4390 eo,

404 4438 470 4499 quo
487 4413 636 4498 Epicurei
652 4411 800 4477 diffinitio
817 4409 930 4487 tendit,
947 4412 1027 4474 viam
1045 4422 1146 4495 putes,
1163 4432 1231 4474 eam
1249 4411 1305 4478 tibi
1323 4413 1355 4481 in
