3550 5467
423 697 486 757 322
671 714 806 759 ioannis
822 710 1103 756 ssassssarsnsrs
1209 693 1292 772 [ms.
1305 709 1365 755 vrn.

424 862 458 928 id
481 876 529 927 est
552 864 784 949 insipientibus,
807 861 925 946 sapius
946 861 1150 925 concedatur.
1189 859 1278 937 Quid
1294 858 1365 922 enim

422 966 454 1028 in
472 965 565 1028 rebus
587 965 745 1042 humanis,
761 969 906 1028 Romano
923 962 1056 1048 imperio
1078 961 1257 1048 potentius,
1273 972 1366 1046 potest

422 1064 487 1128 ulla
501 1066 652 1128 memoria
667 1063 853 1128 reeordari?
878 1063 913 1130 si
931 1075 1109 1146 temporum
1129 1062 1228 1125 series
1244 1062 1285 1125 ab
1298 1061 1367 1125 urbe

420 1164 548 1229 condita
574 1165 768 1242 revolvatur,
794 1164 875 1229 illud
908 1165 1113 1227 inveniuntur
1139 1163 1217 1227 mali
1245 1163 1367 1248 gessisse

418 1265 627 1350 frequentius.
673 1267 752 1343 Quis
774 1266 857 1329 euim
882 1267 921 1331 C.
937 1263 1098 1349 Caligula,
1120 1266 1264 1350 Augusti
1286 1267 1368 1329 tertio

420 1388 608 1446 successore,
632 1372 754 1445 tetrior,
779 1381 836 1431 aut
863 1368 1042 1442 immanior,
1065 1379 1183 1450 prater
1208 1368 1367 1440 Neronem,

420 1470 477 1554 qui
493 1483 703 1533 antecessores
714 1482 744 1533 et
762 1491 954 1532 serocessores
965 1489 1073 1531 omnes
1085 1466 1291 1553 turpitudine
1303 1468 1367 1530 vite

420 1581 453 1634 et
471 1571 622 1636 inauditis
642 1571 773 1656 flagitiis
790 1572 976 1656 superavit?
1008 1570 1073 1632 Hic
1091 1581 1200 1632 autem
1218 1567 1366 1653 Caligula,

420 1673 562 1736 omnium
573 1671 849 1757 flagitiosissimus,
861 1684 965 1734 tamen
981 1670 1076 1746 rexit,
1088 1682 1145 1733 aut
1161 1671 1273 1755 potius
1284 1668 1367 1734 torsit

419 1774 600 1859 imperium,
613 1796 650 1836 ea
664 1772 794 1858 quidem
810 1768 1010 1847 crudelitate,
1022 1783 1059 1834 ut
1074 1770 1215 1856 propriae
1230 1770 1368 1834 invidens

420 1874 574 1952 felicitati,
587 1875 627 1938 de
642 1874 822 1939 conditione
838 1893 966 1936 suorum
984 1884 1166 1957 temporum
1176 1883 1367 1957 quereretur,

418 1998 455 2038 eo
481 1976 569 2060 quod
596 1974 693 2038 nullis
718 1971 945 2056 insignirentur
970 1970 1207 2035 calamitatibus
1228 1971 1366 2056 publicis

418 2074 477 2139 llle
501 2073 657 2159 siquidem
682 2087 754 2137 ortu
781 2096 839 2136 suo
865 2083 1031 2156 pacaverat
1055 2075 1172 2148 secula,
1187 2075 1247 2157 qui
1268 2072 1366 2137 delera

417 2189 544 2237 venerat
553 2173 855 2238 contradictioniset
865 2172 976 2236 mortis
985 2171 1166 2257 imperium.
1188 2172 1281 2238 Licet
1290 2173 1365 2236 euim

416 2274 485 2336 haec
500 2273 694 2337 immensitas
714 2277 802 2358 pacis
816 2273 1043 2337 asscriberetur
1064 2273 1228 2358 Augusto,
1244 2274 1366 2339 Christo

417 2389 520 2438 tamen
545 2374 652 2459 potius
672 2372 873 2467 asscribenda
894 2387 952 2448 est,
968 2370 1026 2460 qui
1047 2372 1125 2436 civis
1139 2375 1307 2438 Romanus
1324 2373 1366 2436 in·

416 2476 554 2540 dictione
583 2498 695 2539 census
729 2475 903 2561 asscriptus
936 2489 995 2550 est,
1025 2487 1179 2560 regnante
1210 2479 1365 2560 Augusto.

419 2575 582 2664 Siquidem
600 2576 836 2659 evangeliorum
857 2590 889 2639 et
909 2576 1109 2641 historiarum
1131 2575 1273 2640 veridica
1292 2575 1365 2640 rela-

416 2677 502 2741 tione
525 2688 660 2755 constat,
682 2678 759 2762 quia
784 2677 845 2741 sub
871 2699 910 2739 eo
935 2690 1029 2741 natus
1051 2689 1098 2740 est
1120 2689 1235 2741 auctor
1257 2677 1364 2741 unicus

415 2779 512 2863 pacis,
522 2777 726 2852 Deusbomn,
737 2777 867 2862 virginis
878 2778 963 2842 filius
974 2777 1134 2854 Christus,
1145 2778 1239 2864 cujus
1249 2791 1365 2843 aeterna

415 2879 583 2966 dispositio
603 2880 643 2944 ad
660 2902 765 2944 veram
788 2901 909 2965 pacem,
924 2892 956 2945 et
976 2879 1145 2944 felicissimi
1166 2879 1254 2963 regni
1269 2878 1365 2943 beati·

415 2981 557 3046 tudinem
588 2983 774 3067 conscripsit
803 2984 931 3057 electos,
958 2982 1050 3067 cujus
1079 2980 1237 3045 adventus
1260 2978 1364 3045 multis

413 3083 650 3169 praenunciatus
679 3095 738 3160 est,
768 3096 801 3148 et
831 3083 1011 3168 patefactus
1035 3080 1170 3145 indiciis.
1216 3085 1301 3147 Nam
1330 3091 1363 3146 ut

414 3182 544 3246 Orosius
555 3182 664 3260 refert,
676 3205 776 3268 quum
791 3184 911 3259 Caesar,
922 3184 945 3245 J
948 3186 1013 3247 ulio
1021 3182 1199 3258 interfecto,
1214 3206 1255 3246 ex
1271 3181 1363 3269 Apol·

411 3283 495 3348 lonia
510 3283 636 3348 rediens
652 3284 763 3348 urbem
784 3283 1017 3368 ingrederetur,
1033 3284 1111 3347 hora
1132 3283 1261 3349 circiter
1275 3283 1364 3349 tertia

410 3398 550 3468 repente,
565 3384 690 3470 liquido
710 3408 746 3448 ac
766 3405 849 3471 puro
868 3406 988 3460 sereno,
1004 3383 1143 3449 circulus
1166 3385 1210 3448 ad
1230 3384 1361 3471 speciem

411 3485 547 3550 coelestis
563 3509 656 3550 arcus
671 3487 781 3551 orbem
793 3484 867 3549 solis
877 3485 1009 3549 ambiit:
1037 3499 1068 3550 et
1085 3485 1146 3549 boc
1157 3499 1273 3550 octavo
1288 3485 1363 3551 Idus

409 3586 556 3648 Januarii
590 3587 653 3666 die,
683 3587 740 3672 qui
770 3587 888 3651 dicitur
922 3587 1193 3673 Epiphaniorum,
1224 3588 1361 3653 creditur

408 3684 568 3758 accidisse,
580 3709 646 3769 quo
663 3691 773 3753 Caesar
789 3690 926 3773 primum
942 3692 1016 3754 Jani
1033 3703 1151 3775 portas,
1167 3689 1280 3776 sopitis
1293 3689 1358 3754 fini-

409 3784 513 3870 tisque
528 3783 619 3848 bellis
636 3787 795 3867 civilibus,
810 3789 936 3865 clausit,
952 3804 984 3854 et
1006 3790 1148 3874 Augusti
1163 3790 1302 3878 adeptus
1315 3801 1359 3855 ast

407 3908 532 3967 nomen,
561 3886 681 3972 apicem
712 3888 875 3956 declarans
906 3892 1043 3976 imperii,
1068 3905 1104 3956 ut
1136 3914 1235 3977 penes
1264 3913 1359 3966 unum

406 3991 576 4055 doceretur
601 4011 723 4053 summa
748 4013 853 4057 rerum
881 4007 912 4058 et
937 4006 1131 4079 potestatum
1159 4015 1242 4072 esse,
1267 4014 1359 4080 quam

405 4091 618 4156 monarchiam
635 4091 797 4157 nominant
812 4094 929 4159 Grmci.
963 4093 1074 4159 Refert
1085 4095 1171 4161 idem
1182 4095 1360 4171 historicus,

404 4193 503 4276 quod,
526 4216 625 4277 quum
649 4215 669 4255 a
689 4193 801 4259 Sicilia
822 4195 958 4276 rediens,
986 4196 1121 4281 receptis
1147 4196 1359 4282 legionibusa

404 4289 555 4375 Pompeio
570 4301 602 4354 et
617 4290 752 4376 lepido,
768 4291 903 4377 triginta
918 4293 1019 4358 millia
1040 4315 1205 4358 servorum
1225 4292 1358 4359 dominia
