3550 5467
407 735 539 818 cina]
758 754 1014 802 mnrcmrrcos.
1317 744 1359 806 95

404 907 651 986 capiebatnisi
675 907 824 972 Socrates
847 909 1057 973 humilitatem
1080 909 1176 996 hujus
1196 912 1359 995 cupidinis

404 1009 444 1070 ab
465 1007 576 1071 animo
597 1008 669 1092 ejus
689 1009 878 1092 expulisset,
893 1022 925 1073 et
946 1032 1028 1073 verae
1050 1011 1155 1075 laudis
1176 1013 1308 1094 gloriam
1329 1014 1358 1076 ei

403 1119 549 1171 curasset
562 1107 717 1189 ingerere.
761 1110 806 1174 Et
820 1120 916 1173 antea
931 1112 1060 1195 quidem
1073 1109 1255 1177 Heraclidis
1271 1123 1360 1176 secta

403 1207 507 1270 fuerat
526 1207 682 1285 imbutus,
698 1231 803 1272 remm
820 1232 920 1293 quum
935 1233 969 1274 so
985 1213 1106 1276 Socrati
1128 1212 1279 1290 dedisset,
1293 1235 1359 1276 non

403 1308 508 1372 solum
525 1310 655 1390 ingenio
670 1322 768 1394 atque
779 1311 925 1375 doctrina
940 1322 1071 1376 caeteros
1084 1312 1262 1378 Socraticos
1273 1315 1360 1391 vicit,

403 1409 579 1473 sedetiam
602 1412 711 1474 labore
734 1423 767 1474 et
789 1413 946 1494 elegantia
968 1415 1158 1496 sapientiam
1181 1417 1359 1493 illustravit,

403 1513 500 1595 eique
526 1523 614 1575 recta
637 1515 810 1576 assertione
833 1535 983 1577 sensuum
1007 1527 1040 1579 et
1062 1517 1224 1599 majestate
1249 1518 1358 1581 vorbo-

404 1633 487 1687 mm,
496 1613 668 1695 plurimum
680 1612 828 1678 adhibuit
844 1614 1020 1694 dignitatis.
1057 1614 1188 1679 Socrate
1201 1616 1359 1700 siquidem

404 1713 595 1788 excedente,
622 1735 656 1777 se
687 1713 727 1776 ad
758 1714 950 1798 Pythagorae
981 1715 1117 1778 contulit
1146 1715 1359 1797 disciplinam,

405 1835 504 1897 quam
526 1816 585 1878 etsi
604 1816 726 1879 ratione
749 1815 895 1897 diligenti
918 1826 950 1876 et
970 1815 1140 1897 magnifica
1162 1816 1291 1880 videbat
1313 1817 1359 1879 in·

404 1927 571 1992 structam,
594 1938 698 1980 rerum
729 1928 836 1980 tamen
868 1917 1098 1980 continentiam
1127 1930 1159 1980 et
1184 1918 1360 1981 castitatem

406 2018 511 2100 magis
532 2019 683 2102 cupiebat
705 2019 834 2082 imitari.
880 2018 1009 2081 Deinde
1032 2018 1237 2082 Theodorum
1261 2019 1358 2102 Cyre-

406 2140 543 2182 nensem
557 2118 647 2195 adiit,
656 2129 693 2183 ut
707 2120 925 2184 Geometriam
941 2120 1088 2184 disceret.
1135 2121 1218 2183 Inde
1235 2119 1359 2206 AEgyp·

407 2229 478 2283 tum
500 2221 603 2303 petiit,
618 2233 654 2284 nt
669 2223 858 2302 Astrologiae
882 2232 1019 2295 vacaret,
1036 2223 1145 2306 ibique
1161 2245 1179 2285 a
1199 2224 1359 2308 plerisque

407 2322 552 2386 creditus
575 2334 624 2384 cst
643 2321 796 2385 didicisse
822 2323 952 2385 oracula
975 2324 1217 2406 Prophetarum.
1263 2323 1359 2387 Unde

407 2444 516 2486 rursus
531 2423 566 2485 in
586 2423 711 2486 ltaliam
735 2422 837 2500 rediit,
852 2434 885 2486 et
902 2421 1137 2507 Pythagoreum
1152 2426 1361 2489 Tarentinum

408 2525 584 2607 Archytam
597 2537 725 2587 secutus
737 2537 800 2601 est;
824 2536 919 2609 atquc
931 2525 971 2587 ad
985 2526 1095 2602 ludos,
1106 2526 1233 2603 Medos,
1245 2528 1362 2607 Magos

408 2626 551 2690 animum
581 2625 782 2703 intendisset,
809 2627 869 2690 nisi
894 2649 966 2689 cnm
990 2627 1164 2710 procedere
1190 2628 1363 2691 vetuissent

407 2728 495 2791 bella
518 2728 669 2791 Caletica.
726 2728 928 2812 Quapropter
953 2728 1081 2791 inventa
1108 2726 1308 2791 Pannenidoe
1330 2737 1363 2792 et

409 2829 553 2892 Zenonis
568 2828 752 2911 diligentius
767 2842 934 2907 executus,
951 2851 1023 2913 quae
1039 2829 1126 2911 apud
1142 2850 1275 2911 magnos
1291 2830 1361 2914 phi·

407 2915 563 3014 losophos
592 2929 793 2994 admirationi
819 2932 943 2995 fuerant
965 2931 1099 3012 singula,
1122 2930 1154 2992 in
1182 2931 1272 2994 libris
1297 2933 1364 2995 suis

409 3033 541 3114 collegit
562 3034 720 3109 universa,
735 3031 856 3097 docens
878 3034 1000 3116 primus
1023 3032 1131 3094 studia
1147 3032 1362 3117 Philosophiae

408 3154 474 3196 non
489 3133 588 3197 modo
602 3153 666 3196 non
683 3154 753 3196 esse
769 3134 939 3207 contraria,
955 3132 1012 3194 sed
1027 3132 1165 3194 invicem
1180 3133 1363 3195 necessaria

409 3236 482 3312 sibi,
508 3257 548 3299 eo
575 3234 662 3319 quod
691 3236 809 3298 mutuis
838 3234 971 3296 auxiliis
1002 3234 1149 3297 universa
1177 3235 1363 3297 consistunt.

410 3338 507 3401 Multi
522 3337 702 3400 auditorum
719 3338 787 3421 ejus
803 3337 969 3420 utriusque
985 3357 1083 3399 sexus
1099 3336 1131 3398 in
1151 3331 1361 3419 Philosophia

410 3441 593 3505 floruerunt.
642 3441 869 3504 Patrimonium
894 3440 927 3502 in
942 3441 1083 3515 hortn10,
1100 3441 1155 3524 qui
1178 3439 1363 3504 Academiae

405 3541 541 3624 junctus
562 3551 641 3614 orat,
656 3540 688 3603 in
713 3541 840 3603 dnobus
862 3539 1027 3617 ministris,
1041 3550 1075 3601 et
1093 3551 1202 3621 patera
1223 3561 1288 3624 qua
1302 3539 1365 3603 diis

410 3641 625 3725 supplicabat,
640 3641 778 3723 reliquit
824 3641 901 3703 Auri
925 3651 1049 3704 tantum
1069 3641 1192 3719 habuit,
1209 3652 1363 3725 quantum

410 3763 490 3825 puer
504 3742 646 3805 auricula
660 3753 846 3823 gestaverat,
861 3743 895 3805 in
912 3742 1089 3805 nobilitatis
1103 3743 1242 3826 insigne.
1287 3744 1366 3808 Tres

410 3844 567 3907 adventus
585 3844 656 3928 cjus
678 3844 719 3906 ad
736 3844 892 3921 Siciliam,
907 3845 982 3907 mali
1004 3843 1137 3907 dirersis
1158 3846 1366 3928 opinionibus

411 3957 557 4030 carpunt.
603 3946 668 4010 Sed
684 3947 787 4029 primo
803 3959 838 4009 ut
853 3947 1017 4010 historiam
1032 3959 1153 4010 naturae
1176 3959 1320 4010 cerneret
1332 3949 1366 4010 in

411 4048 519 4125 AEtna,
534 4061 567 4111 et
581 4048 801 4112 incendiorum
813 4049 1008 4130 intelligeret
1023 4049 1189 4125 rationem,
1202 4049 1278 4110 illuc
1293 4069 1367 4130 pro·

411 4149 514 4211 sectus
535 4159 593 4212 est.
639 4147 790 4211 Secundo
807 4149 907 4231 petitu
925 4149 1085 4230 Dionysii,
1101 4160 1136 4210 ut
1157 4147 1368 4228 Syracusanis

411 4250 592 4326 adsisteret,
608 4263 639 4313 et
654 4262 688 4312 nt
711 4250 922 4333 municipales
937 4249 1112 4333 provinciae
1131 4246 1216 4310 illius
1232 4244 1371 4310 disceret

411 4353 510 4435 leges.
572 4352 683 4415 Tertio
706 4363 741 4414 ut
761 4352 936 4431 lugientem
955 4351 1092 4411 Dionem
1114 4346 1293 4408 restitueret
1313 4366 1368 4427 pa-
