3550 5467
406 747 476 792 car.
495 729 605 808 xmo]
761 747 1013 793 rocrcm‘ncos.
1305 738 1364 797 189

407 898 634 975 sinceritatem,
650 911 682 960 et
704 909 738 960 ut
760 897 924 982 proprium
947 911 1125 983 proetexant
1146 902 1258 978 scelus,
1275 904 1364 965 inno·

406 1001 509 1064 centis
530 999 668 1063 tunicam
686 998 858 1063 ostendunt
878 1012 1086 1065 cruentatam.
1127 1005 1220 1067 Hanc
1233 1007 1315 1068 enim
1331 1006 1362 1067 in

405 1101 518 1166 multis
545 1101 638 1165 video
663 1100 920 1185 descriptionem,
944 1105 1003 1187 qui
1025 1103 1065 1167 ad
1089 1107 1194 1168 omnia
1217 1104 1365 1170 felicioris

405 1227 493 1268 aurae
509 1218 670 1266 momenta
685 1216 835 1278 uruntur,
852 1202 977 1289 sibique
994 1204 1110 1268 vellent
1126 1205 1286 1271 adversari
1299 1205 1363 1270 for·

406 1320 531 1382 tunam,
547 1303 623 1367 dum
640 1304 694 1368 alii
715 1304 846 1388 gravius
865 1305 1068 1371 laederentur.
1115 1311 1160 1372 Et
1177 1321 1212 1371 ut
1230 1309 1363 1394 AEsopo,

405 1407 455 1470 rel
480 1405 606 1468 Avieno
627 1405 746 1478 credas,
767 1405 889 1469 videbis
911 1407 966 1492 qui
993 1408 1054 1472 sibi
1076 1409 1204 1473 oculum
1227 1408 1362 1474 alterum

406 1509 476 1572 erui
497 1506 647 1593 gaudeat,
663 1507 740 1572 dum
762 1520 901 1592 utroque
917 1509 1062 1594 privetur
1084 1510 1259 1595 proximus.
1299 1513 1365 1575 Nec

406 1624 455 1675 est
483 1632 550 1696 qua
573 1609 624 1672 via
647 1608 786 1672 declines
808 1608 972 1685 invidiam,
997 1609 1057 1674 nisi
1083 1609 1275 1674 miserrimus
1298 1611 1364 1674 fias.

408 1712 544 1776 Celebre
556 1735 692 1799 namque
706 1725 755 1776 est
769 1712 810 1776 ab
825 1712 959 1796 antiquo
971 1711 1189 1797 proverbium:
1213 1712 1290 1798 quia
1301 1712 1366 1777 sola

407 1813 534 1877 miseria
550 1815 648 1877 nescit
669 1812 834 1876 invidiam.
873 1815 1080 1898 Fortunaque
1102 1812 1237 1875 hominis
1258 1813 1365 1876 miser-

406 1913 487 1978 rima
511 1928 571 1993 est,
595 1915 646 1978 cui
674 1937 735 1977 non
751 1913 925 1977 invidetur.
965 1915 1083 1978 Fertur
1101 1913 1202 1991 Plato,
1218 1938 1320 1999 quum
1336 1915 1364 1978 ei

407 2013 617 2102 condiscipuli
648 2014 839 2089 inviderent,
866 2018 1027 2080 Socratem
1055 2015 1276 2100 interrogasse,
1302 2040 1364 2103 qua

408 2119 531 2181 ratione
546 2131 651 2201 posset
667 2115 831 2179 hominum
847 2115 1004 2179 declinare
1021 2115 1183 2180 invidiam.
1227 2116 1287 2181 Cui
1307 2119 1363 2181 So·

408 2234 530 2283 crates:
560 2221 652 2292 Esto,
675 2217 792 2302 inquit,
817 2232 850 2282 ut
874 2218 1049 2281 Thersites.
1091 2219 1177 2282 Dum
1202 2241 1278 2302 ergo
1302 2231 1364 2283 tor·

408 2333 552 2407 quentur
566 2318 677 2394 invidi,
693 2317 771 2381 alios
793 2318 930 2382 miserius
946 2342 1011 2383 suae
1030 2320 1140 2383 volunt
1156 2343 1223 2383 esse
1238 2320 1364 2406 partici-

409 2444 475 2507 pes,
489 2420 632 2505 undique
647 2434 828 2506 quaerentes
845 2436 879 2485 ut
896 2433 1039 2497 noceant,
1055 2436 1086 2484 et
1100 2421 1201 2507 ipsam
1217 2422 1365 2485 innocen-

409 2523 499 2600 tiam,
514 2522 676 2607 quandam
697 2535 815 2608 putant
829 2545 896 2586 esse
917 2522 1028 2585 mortis
1048 2522 1227 2604 imaginem.
1268 2524 1364 2586 Unde

410 2628 514 2703 Maro,
531 2639 568 2688 ut
584 2625 625 2688 ab
642 2647 705 2687 uno
719 2623 822 2688 discas
835 2646 954 2698 omnes,
971 2635 1084 2687 notans
1098 2622 1241 2687 invidum
1257 2624 1319 2687 ait:

514 2789 551 2841 Et
562 2791 585 2841 si
596 2807 646 2841 non
659 2788 747 2856 aliquo
758 2791 899 2850 nocuisses,
912 2795 1027 2840 mortuus
1040 2804 1120 2839 esses.

410 2927 484 3000 Quo
499 2924 579 2988 nihil
594 2925 697 2989 minus
717 2925 808 2990 decet
829 2924 1072 3008 Philosophum,
1088 2938 1143 2987 aut
1169 2924 1272 2986 virum
1289 2946 1363 2987 auc·

410 3030 540 3092 toritate
557 3027 605 3091 vel
622 3028 763 3091 moribus
777 3049 919 3112 gravem.
951 3026 1047 3090 Unde
1065 3027 1219 3101 Socrates,
1235 3048 1297 3089 uon
1313 3024 1365 3088 ille

409 3116 576 3215 antiquus,
591 3128 644 3193 sed
666 3151 762 3215 quem
786 3141 946 3192 auctorem
971 3140 1134 3211 gestorum
1157 3125 1365 3191 Cassiodorus

410 3229 441 3295 in
463 3229 625 3317 tripartita
647 3230 756 3295 laudat
777 3229 928 3293 historia:
959 3226 1065 3304 Quod,
1081 3227 1199 3313 inquit,
1215 3226 1366 3290 Julianus

411 3345 591 3396 tonsoreset
604 3354 724 3418 coquos
735 3355 753 3394 a
765 3330 884 3416 palatio
895 3328 1031 3416 expulit,
1043 3350 1106 3392 non
1118 3329 1213 3393 modo
1225 3329 1366 3410 Impera-

411 3434 502 3509 toris,
524 3434 576 3498 sed
599 3449 630 3498 et
652 3432 831 3518 philosophi
852 3453 933 3517 opus
954 3432 1028 3516 egit.
1067 3433 1116 3495 Ut
1134 3443 1239 3494 autem
1261 3430 1366 3495 detra·

410 3537 511 3615 heret,
540 3549 639 3620 atque
672 3536 869 3606 dilaceraret,
903 3557 1006 3615 neque
1041 3533 1231 3619 philosophi,
1263 3554 1366 3619 neque

411 3639 565 3726 principis
573 3638 646 3702 tuit.
672 3639 778 3714 Quum
792 3637 873 3699 enim
887 3660 928 3700 ex
940 3658 1130 3721 quacunque
1140 3660 1234 3701 causa
1245 3649 1366 3701 cessant

410 3763 519 3828 opera,
540 3739 720 3804 decurritur
738 3737 778 3801 ad
800 3738 950 3803 malitiam
975 3738 1170 3804 detrahendi.
1218 3742 1299 3804 Haec
1320 3751 1367 3803 est

412 3844 526 3929 utique
540 3841 724 3905 indubitata
745 3839 850 3926 proles
865 3839 1007 3912 invidiae,
1024 3853 1056 3903 et
1075 3841 1237 3904 caritatem
1259 3841 1366 3904 abesse

411 3945 578 4007 manifesto
593 3942 709 4006 indicio
726 3953 932 4028 protestatur.
975 3943 1019 4003 Et
1036 3964 1119 4005 nunc
1136 3942 1264 4028 quidem
1282 3942 1365 4005 bona

410 4045 512 4110 alienu
527 4047 692 4132 pervertit,
710 4067 794 4107 nunc
810 4045 939 4108 minuit:
965 4041 1048 4106 mala
1062 4059 1168 4109 autem
1185 4044 1274 4127 fingit
1290 4066 1364 4127 quae

412 4171 471 4212 non
499 4161 599 4223 sunt;
633 4160 690 4209 aut
716 4146 898 4230 magnificat
922 4159 954 4208 et
981 4143 1118 4218 extollit,
1143 4150 1166 4209 si
1192 4167 1256 4228 qua
1280 4158 1365 4206 sunt.

414 4251 541 4314 Caritas
563 4270 625 4310 non
647 4247 713 4329 agit
734 4269 912 4332 perperam,
929 4261 961 4310 at
985 4247 1052 4310 haec
1074 4248 1138 4309 sola
1160 4244 1365 4330 perversitate

412 4350 552 4418 loetatur.
572 4352 680 4427 Quom
696 4348 868 4434 Apostolus
880 4349 957 4413 vitia
969 4350 1112 4432 gentium
1126 4346 1228 4410 multa
1240 4365 1366 4406 enume-
