3550 5467
405 778 482 824 cae.
501 761 552 841 x.]
794 766 1053 824 eonucssrrcns.
1312 753 1377 827 259

403 943 496 994 mata
510 929 627 994 locum.
673 929 801 1015 Quippe
816 929 870 995 ubi
887 943 994 995 motus
1008 930 1180 994 adversarii
1195 953 1280 1015 saepe
1296 954 1371 1016 pro-

405 1028 474 1093 licit
501 1029 542 1092 ad
569 1029 780 1114 triumphum.
826 1028 922 1095 Unde
947 1042 979 1093 et
1006 1028 1066 1093 hoc
1092 1028 1237 1096 Ciceroni
1263 1030 1371 1114 perfa-

405 1130 532 1195 miliare
546 1131 645 1195 snisse
660 1129 807 1195 traditur.
852 1130 936 1216 Ipsis
950 1150 1082 1218 quoque
1097 1131 1239 1195 loedoriis
1254 1132 1366 1195 crebro

407 1230 440 1295 in
454 1231 712 1296 contentionibus
726 1232 787 1295 sori
804 1231 891 1296 locus
906 1245 965 1311 est,
980 1232 1057 1296 dum
1075 1247 1179 1296 tamen
1195 1231 1235 1295 ad
1252 1233 1370 1318 probra

408 1354 473 1397 non
495 1334 696 1419 perveniant:
730 1356 804 1419 quae
826 1333 882 1398 etsi
904 1357 966 1397 non
989 1332 1154 1419 quiescant
1174 1334 1281 1398 lavore
1304 1334 1369 1399 liti·

407 1437 529 1517 gantis,
545 1456 666 1498 cessare
681 1446 785 1498 tamen
808 1432 926 1497 debent
947 1433 989 1496 ob
1011 1433 1219 1498 reverentiam
1236 1432 1368 1517 judicis,

407 1548 441 1599 et
457 1534 652 1600 auditorum.
698 1534 882 1598 Offenditnr
898 1537 983 1599 enim

536 1673 631 1685 -·—
645 1644 749 1707 Quibus
761 1651 802 1696 ast
813 1661 905 1711 equus,
917 1649 945 1695 et
956 1648 1040 1714 pater,
1053 1649 1080 1694 et
1091 1659 1142 1705 res,

407 1737 434 1802 ai
451 1737 537 1824 quis,
552 1737 612 1802 nisi
626 1725 862 1803 evidentissima
879 1738 1011 1814 ratione,
1027 1737 1067 1801 ad
1084 1739 1201 1823 probra
1216 1739 1369 1825 prosiliat.

408 1841 474 1906 Sed
496 1841 599 1929 etqui
615 1865 653 1906 ea
676 1841 813 1907 sustinet
832 1842 1001 1928 patienter,
1024 1842 1165 1906 savorem
1185 1842 1328 1908 omnium
1350 1868 1371 1908 a

408 1944 622 2030 temperantia
657 1944 745 2008 visus
786 1957 833 2007 cst
871 1947 1035 2009 meruisse.
1095 1942 1252 2008 Convivia
1293 1968 1370 2030 ergo

410 2045 561 2112 loedorias
586 2045 775 2122 excludunt,
801 2068 839 2109 ne
865 2046 939 2110 felle
965 2069 1073 2110 earum
1102 2059 1171 2113 tota
1197 2046 1370 2112 convivalis

409 2147 548 2212 dulcedo
561 2159 745 2215 amarescat.
783 2148 834 2213 Ad
850 2147 883 2212 id
900 2148 987 2231 quod
1004 2148 1197 2213 hilaritatem
1213 2149 1370 2228 conciliat,

410 2249 576 2316 modestiae
599 2251 768 2328 consciam,
795 2249 938 2337 undique
963 2248 1224 2337 conquirendum.
1269 2252 1370 2318 Jocus

409 2353 495 2417 enim
510 2353 620 2433 comis,
633 2368 666 2418 et
681 2366 836 2419 venustus
856 2353 1091 2418 convivantium
1114 2354 1205 2435 risus,
1219 2354 1368 2419 omnibus

411 2455 640 2542 parentheticis
666 2455 842 2543 jucundior
878 2469 936 2520 est.
997 2457 1163 2542 Siquidem
1199 2456 1370 2540 eleganter,

411 2556 488 2623 licet
512 2559 545 2622 in
570 2581 704 2644 persona
726 2556 886 2636 derisoris,
910 2559 1047 2622 Ethicus
1073 2559 1132 2621 ait:
1174 2557 1236 2621 Sed
1263 2559 1371 2621 convi-

412 2661 543 2735 vatoris,
575 2659 622 2725 uti
656 2658 748 2722 ducis
783 2658 958 2741 ingenium,
988 2681 1036 2722 res
1069 2659 1211 2722 adversae
1246 2658 1369 2721 nudare

412 2760 528 2835 solent,
557 2761 659 2825 celare
694 2760 852 2824 oecundae.
908 2758 970 2824 Sed
1001 2773 1032 2823 et
1064 2759 1129 2822 vini
1158 2758 1369 2842 indulgentia,

411 2863 488 2928 licet
509 2863 572 2927 dici
594 2862 705 2941 soleat,
726 2862 803 2948 quia
817 2861 940 2926 “siccis
955 2865 1045 2926 Dens
1067 2860 1175 2926 omnia
1188 2860 1286 2925 dura'’
1302 2883 1373 2948 pro-

411 2965 533 3050 posuit,
551 2961 683 3026 modnm
701 2962 809 3043 babet,
829 2962 887 3026 etsi
909 2962 1030 3027 suerint
1056 2962 1112 3048 qui
1133 2961 1276 3027 Platonis
1297 2986 1369 3029 auc·

412 3066 543 3128 toritate
557 3085 594 3127 ea
609 3063 726 3148 passim
741 3062 932 3126 crediderint
950 3062 1136 3126 haurienda.

594 3170 728 3224 Laudibus
739 3172 857 3239 arguitur
867 3172 921 3224 rini
933 3173 1038 3223 vinosus
1051 3170 1192 3223 Homerus.

413 3268 461 3332 Et
472 3264 567 3330 Plato
578 3264 620 3328 ab
630 3264 748 3328 eisdem
761 3265 888 3330 vinosus
900 3265 1100 3330 convincitur
1110 3266 1265 3329 extitisse.
1294 3267 1370 3329 Cer-

413 3379 483 3432 tum
500 3378 550 3430 est
567 3377 741 3450 utrumque
756 3388 865 3430 eorum
881 3368 948 3430 vini
961 3366 1107 3431 laudasse
1120 3388 1223 3446 usum,
1234 3366 1322 3452 qnod
1338 3378 1369 3432 et

414 3482 563 3533 naturam
579 3466 717 3543 roborat,
732 3481 764 3533 et
779 3471 865 3533 acuit
883 3471 1058 3552 ingenium,
1073 3484 1104 3534 et
1127 3469 1168 3535 ad
1192 3493 1240 3534 res
1259 3493 1370 3555 geren-

416 3569 475 3634 das
488 3569 630 3633 animum
647 3569 813 3634 remissum
834 3571 988 3635 accendit.
1034 3578 1075 3638 At
1097 3573 1264 3638 Platonem
1288 3573 1370 3638 inter

415 3668 1369 3761 minutaetmodestapocula‚jocundioremliberalioremque

414 3771 635 3836 invitationem
653 3771 800 3857 probasse
815 3771 942 3836 fidelius
958 3774 1106 3851 traditur,
1119 3799 1194 3862 quse
1204 3777 1293 3840 lieret
1307 3777 1368 3841 sub

415 3873 609 3959 quibusdam
625 3878 715 3958 quasi
731 3874 869 3949 arbitris,
887 3875 1066 3961 sobriisque
1082 3878 1241 3963 magistris
1260 3882 1370 3943 convi-

415 3978 553 4039 viorum.
600 3976 644 4039 Et
668 3974 727 4037 hoc
747 3988 794 4039 est
817 3975 903 4061 quod
927 3976 957 4039 in
980 3978 1093 4063 primo,
1114 3992 1146 4042 et
1168 3980 1309 4043 secundo
1328 3979 1369 4043 de

416 4074 554 4160 legibus,
569 4097 631 4140 nnn
646 4075 759 4140 inutile
774 4075 848 4139 viris
869 4100 936 4140 esse
955 4076 1105 4141 decernit.
1150 4079 1232 4142 Nam
1256 4093 1287 4142 et
1303 4100 1370 4140 mo·

415 4176 496 4242 dicis
510 4178 715 4264 honestisque
729 4177 812 4242 inter
827 4177 1000 4243 bibendum
1019 4180 1267 4255 remissionibus,
1283 4178 1369 4242 refici

417 4277 634 4364 integrarique
649 4280 771 4343 animos
784 4279 825 4343 ad
840 4278 1049 4343 instauranda
1068 4279 1247 4343 sobrietatis
1268 4277 1370 4342 officia
1426 4333 1429 4341 .

416 4381 624 4459 existimavit,
652 4381 861 4467 redditosque
891 4380 1004 4444 sensim
1029 4377 1177 4459 laetiores,
1201 4379 1242 4443 ad
1268 4381 1370 4445 inten-

871 4489 923 4546 s·2
1295 4484 1301 4501 '
