3550 5467
372 713 413 770 94
628 721 765 768 rosssrs
781 718 1060 764 sanesnnurrssrs
1169 698 1254 779 [nra.
1270 717 1327 763 vrr.

371 877 527 961 physicis,
556 877 590 938 id
627 888 676 936 est
711 874 806 935 rebus
841 871 1042 933 naturalibus
1078 869 1330 951 perscrutandis,

371 980 542 1042 maximam
559 998 688 1060 operam
709 975 866 1038 dederint.
914 974 1017 1035 Probe
1040 971 1171 1056 quidem
1191 984 1227 1034 et
1246 973 1329 1055 sapi·

371 1092 472 1157 enter,
482 1100 582 1163 quum
596 1076 639 1140 ad
654 1078 824 1140 utilitatem
839 1097 932 1138 snam
948 1085 1096 1157 oporteat
1109 1077 1220 1137 omnia
1234 1086 1328 1137 retor-

371 1182 473 1266 queri,
487 1203 663 1265 pammqne
685 1180 788 1264 prosit
807 1179 934 1241 novisse
956 1198 1056 1259 opera
1072 1176 1147 1252 Dei,
1162 1197 1237 1259 quae
1255 1186 1329 1240 sunt

371 1285 481 1346 omnia
489 1283 583 1346 valde
593 1284 689 1359 bona,
698 1296 730 1345 et
739 1281 872 1344 creatori
882 1300 943 1343 suo
953 1290 1192 1362 consequenter
1202 1278 1328 1353 similia,

371 1385 435 1448 nisi
450 1385 523 1468 quis
536 1383 571 1447 id
585 1385 749 1468 praecipue
773 1396 857 1465 agat,
873 1402 916 1444 ne
930 1382 1000 1464 ipse
1023 1382 1065 1443 sit
1084 1381 1199 1443 malus.
1244 1381 1325 1443 Prae-

371 1488 458 1550 clara
472 1488 568 1570 igitur
581 1486 654 1549 vitae
666 1486 839 1568 mortisque
853 1483 940 1546 fama
955 1483 1106 1559 Socratis,
1115 1482 1327 1568 philosophia

372 1609 439 1651 suae
454 1588 583 1670 reliquit
598 1589 753 1671 plurimos
762 1597 946 1662 sectatores,
959 1586 1014 1669 qui
1025 1584 1134 1668 partiti
1145 1596 1222 1648 sunt
1232 1589 1329 1650 verba

372 1688 443 1770 ejus
458 1689 490 1751 in
508 1689 609 1751 varias
624 1699 740 1764 sectas,
754 1686 794 1749 de
816 1686 933 1769 quibus
947 1688 980 1748 in
1002 1687 1211 1769 sequentibus
1225 1708 1328 1770 pauca

373 1787 531 1852 dicentur,
592 1789 689 1851 Porro
720 1798 817 1850 tantee
853 1786 1068 1850 multitudinis
1104 1786 1327 1850 dissidentiam

373 1888 479 1968 Plato,
495 1911 558 1973 qua
568 1888 798 1971 praeeminebat
812 1887 1011 1963 anctoritate,
1028 1886 1184 1963 cohibuit,
1199 1896 1233 1948 et
1246 1888 1280 1950 in
1295 1910 1327 1951 se

374 1991 582 2052 attentionem
612 1989 755 2051 omnium
786 1987 908 2050 diutius
938 1987 1124 2071 provocarit
1154 2000 1186 2049 et
1215 1991 1327 2052 tenuit

373 2089 457 2153 Sunt
486 2090 541 2171 qui
563 2089 729 2151 Platonem
752 2088 886 2150 credant
915 2109 980 2150 non
1010 2089 1060 2150 vel
1085 2089 1256 2167 Aristonis,
1281 2091 1328 2152 vel

373 2188 532 2264 Aristidis,
554 2190 669 2266 filium,
689 2210 742 2251 see
763 2190 943 2270 augustiore
966 2201 1124 2272 conceptu
1148 2203 1272 2267 natum,
1290 2213 1329 2253 eo

373 2289 462 2374 quod
491 2290 654 2372 Apollinis
685 2289 844 2371 figuratio,
870 2292 964 2353 matri
994 2289 1064 2373 ejus
1090 2291 1267 2355 Perictioni
1295 2315 1328 2354 se

374 2390 551 2467 miscuerit,
565 2411 661 2473 quam
677 2401 805 2453 constat
819 2411 839 2452 a
853 2391 974 2455 Solone
993 2391 1243 2474 sapientissimo,
1258 2393 1328 2455 sun·

373 2490 485 2555 datore
509 2493 618 2571 legum
644 2493 833 2565 Atticarum,
856 2493 990 2555 traxisse
1012 2493 1177 2574 originem.
1225 2495 1328 2558 Natus

373 2602 424 2656 est
438 2606 543 2656 autem
559 2614 669 2657 mense
682 2593 736 2677 qui
751 2594 839 2676 apud
857 2594 980 2657 Atticos
992 2595 1189 2674 Thargelion
1201 2594 1327 2669 dicitnr,

373 2693 426 2757 die
442 2715 507 2778 qua
520 2694 606 2778 apud
625 2695 734 2757 Delon
754 2697 880 2758 Latona
896 2696 1060 2778 peperisse
1075 2696 1215 2760 ereditur
1229 2700 1326 2781 Apol·

371 2795 468 2858 linem
491 2810 525 2859 et
540 2795 699 2871 Dianam
722 2796 825 2879 pridie
848 2796 980 2881 quidem
997 2796 1163 2862 Socratem
1184 2800 1327 2881 genitum

372 2896 486 2960 serunt.
531 2898 621 2961 Talis
636 2919 722 2980 ergo,
733 2913 766 2962 et
780 2899 821 2961 de
837 2900 956 2963 talibus
970 2898 1135 2975 oriundus,
1145 2922 1210 2963 non
1225 2903 1328 2964 solum

374 2997 519 3061 Heroum
542 3000 711 3062 virtutibus
734 2998 890 3084 prestitit,
911 3001 968 3063 sed
991 3002 1205 3085 aequiparasse
1225 3003 1329 3067 dictus

374 3113 424 3164 est
444 3099 575 3164 deorum
594 3112 780 3184 potestates·
825 3104 910 3165 Nam
926 3103 1128 3186 Speusippus
1146 3105 1330 3170 domesticis

375 3202 574 3267 documentis
595 3205 781 3283 instructus,
794 3216 826 3268 et
846 3205 936 3288 pueri
953 3205 1024 3289 ejus
1046 3226 1118 3269 acre
1139 3207 1173 3269 in
1184 3209 1328 3291 percipi-

374 3304 461 3367 endo
483 3304 658 3384 ingenium,
683 3316 715 3366 et
739 3305 936 3368 admirandae
959 3305 1162 3370 verecundie
1188 3308 1327 3373 indolem

373 3405 497 3481 laudat,
510 3415 544 3467 et
564 3405 780 3487 pubescentes
800 3408 956 3489 primitias
979 3409 1088 3471 labore
1110 3420 1207 3493 atque
1221 3431 1327 3474 amore

375 3501 527 3569 studendi
540 3506 679 3568 imbutas
694 3506 798 3582 refert,
814 3521 846 3570 ct
866 3509 900 3570 in
918 3510 982 3571 viro
1004 3509 1117 3572 herum
1133 3509 1331 3575 incrementa

376 3606 526 3668 virtutum
540 3606 730 3668 convenisse
746 3617 891 3670 testatur.
928 3609 982 3672 Ex
999 3609 1122 3672 eisdem
1131 3610 1330 3691 genitoribus

376 3706 521 3770 Glaucus
535 3717 568 3770 et
581 3706 782 3771 Adamantus
803 3712 834 3772 ci
858 3711 970 3773 fratres
989 3712 1125 3774 suemnt
1172 3713 1330 3777 Doctores

375 3808 488 3872 habuit
512 3809 547 3871 in
576 3809 681 3892 prima
700 3811 863 3874 literatura
889 3812 1096 3895 Dionysium,
1123 3813 1157 3875 in
1183 3816 1331 3895 palestra

376 3909 556 3972 Aristonem
581 3911 675 3992 Argis
700 3911 880 3974 oriundum.
926 3912 1114 3997 Tantosque
1143 3935 1331 3997 progressus

374 4010 405 4074 ei
420 4011 606 4075 exercitatio
621 4013 770 4087 contulit,
786 4025 821 4075 ut
836 4012 962 4095 Pythiae
981 4014 1134 4077 luctando
1157 4017 1332 4079 certamina

374 4111 495 4175 vicerit.
548 4111 684 4175 Picturae
716 4133 780 4174 non
810 4125 1000 4194 aspernatus
1026 4125 1138 4187 artem,
1165 4115 1330 4197 tragoediis

378 4235 507 4299 quoque
533 4224 567 4277 et
591 4212 802 4294 dithyrambis
831 4235 866 4276 se
896 4215 1006 4278 utilem
1038 4216 1143 4279 fiuxit.
1193 4219 1331 4303 Jamque

376 4317 553 4380 carminum
575 4313 771 4378 confidentia
791 4317 905 4393 elatus,
925 4327 1115 4381 certatorem
1135 4340 1169 4382 se
1189 4321 1331 4403 profiteri
