<?xml version="1.0" encoding="UTF-8"?>
<!DOCTYPE html PUBLIC "-//W3C//DTD XHTML 1.0 Transitional//EN"
    "http://www.w3.org/TR/xhtml1/DTD/xhtml1-transitional.dtd">
<html xmlns="http://www.w3.org/1999/xhtml" xml:lang="en" lang="en">
 <head>
  <title>
</title>
<meta http-equiv="Content-Type" content="text/html;charset=utf-8" />
  <meta name='ocr-system' content='tesseract 3.04.00' />
  <meta name='ocr-capabilities' content='ocr_page ocr_carea ocr_par ocr_line ocrx_word'/>
</head>
<body>
  <div class='ocr_page' id='page_1' title='image "./joannissaresber17johngoog_0315.png"; bbox 0 0 3550 5467; ppageno 0'>
   <div class='ocr_carea' id='block_1_1' title="bbox 265 748 1224 827">
    <p class='ocr_par' dir='ltr' id='par_1_1' title="bbox 265 748 1224 827">
     <span class='ocr_line' id='line_1_1' title="bbox 265 748 1224 827; baseline 0 -17"><span class='ocrx_word' id='word_1_1' title='bbox 265 766 340 811; x_wconf 74' lang='lat' dir='ltr'><strong>car.</strong></span> <span class='ocrx_word' id='word_1_2' title='bbox 356 748 442 827; x_wconf 75' lang='lat' dir='ltr'><strong>xva]</strong></span> <span class='ocrx_word' id='word_1_3' title='bbox 620 761 876 814; x_wconf 78' lang='lat' dir='ltr'><strong>ronrcnarrcns.</strong></span> <span class='ocrx_word' id='word_1_4' title='bbox 1160 751 1224 812; x_wconf 79' lang='grc' dir='ltr'><strong>3ῠό</strong></span> 
     </span>
    </p>
   </div>
   <div class='ocr_carea' id='block_1_2' title="bbox 263 913 1225 2017">
    <p class='ocr_par' dir='ltr' id='par_1_2' title="bbox 263 913 1225 2017">
     <span class='ocr_line' id='line_1_2' title="bbox 266 913 1224 1002; baseline 0 -20"><span class='ocrx_word' id='word_1_5' title='bbox 266 940 329 982; x_wconf 95' lang='lat' dir='ltr'><strong>non</strong></span> <span class='ocrx_word' id='word_1_6' title='bbox 347 919 427 981; x_wconf 85' lang='lat' dir='ltr'><strong>flant</strong></span> <span class='ocrx_word' id='word_1_7' title='bbox 443 915 484 979; x_wconf 87' lang='lat' dir='ltr'><strong>ad</strong></span> <span class='ocrx_word' id='word_1_8' title='bbox 505 917 631 993; x_wconf 86' lang='lat' dir='ltr'><strong>lamam,</strong></span> <span class='ocrx_word' id='word_1_9' title='bbox 648 915 702 980; x_wconf 88' lang='lat' dir='ltr'><strong>sed</strong></span> <span class='ocrx_word' id='word_1_10' title='bbox 722 913 763 979; x_wconf 88' lang='lat' dir='ltr'><strong>ad</strong></span> <span class='ocrx_word' id='word_1_11' title='bbox 778 917 1013 994; x_wconf 84' lang='lat' dir='ltr'><strong>conscientiam,</strong></span> <span class='ocrx_word' id='word_1_12' title='bbox 1028 940 1103 1002; x_wconf 83' lang='lat' dir='ltr'><strong>quae</strong></span> <span class='ocrx_word' id='word_1_13' title='bbox 1118 918 1224 982; x_wconf 86' lang='lat' dir='ltr'><strong>omnia</strong></span> 
     </span>
     <span class='ocr_line' id='line_1_3' title="bbox 265 1017 1223 1105; baseline -0.003 -22"><span class='ocrx_word' id='word_1_14' title='bbox 265 1017 491 1105; x_wconf 77' lang='lat' dir='ltr'><strong>aequanimiter</strong></span> <span class='ocrx_word' id='word_1_15' title='bbox 514 1030 632 1102; x_wconf 88' lang='lat' dir='ltr'><strong>portat.</strong></span> <span class='ocrx_word' id='word_1_16' title='bbox 676 1017 725 1081; x_wconf 92' lang='lat' dir='ltr'><strong>Ut</strong></span> <span class='ocrx_word' id='word_1_17' title='bbox 750 1020 834 1081; x_wconf 89' lang='lat' dir='ltr'><strong>enim</strong></span> <span class='ocrx_word' id='word_1_18' title='bbox 859 1017 903 1081; x_wconf 88' lang='lat' dir='ltr'><strong>ait</strong></span> <span class='ocrx_word' id='word_1_19' title='bbox 931 1017 1126 1102; x_wconf 86' lang='lat' dir='ltr'>Xenophon,</span> <span class='ocrx_word' id='word_1_20' title='bbox 1149 1041 1223 1081; x_wconf 93' lang='lat' dir='ltr'><strong>con-</strong></span> 
     </span>
     <span class='ocr_line' id='line_1_4' title="bbox 263 1115 1223 1203; baseline -0.002 -19"><span class='ocrx_word' id='word_1_21' title='bbox 263 1119 400 1184; x_wconf 88' lang='lat' dir='ltr'><strong>scientia</strong></span> <span class='ocrx_word' id='word_1_22' title='bbox 415 1117 508 1202; x_wconf 84' lang='lat' dir='ltr'><strong>justi,</strong></span> <span class='ocrx_word' id='word_1_23' title='bbox 524 1116 581 1181; x_wconf 89' lang='lat' dir='ltr'><strong>scit</strong></span> <span class='ocrx_word' id='word_1_24' title='bbox 597 1115 765 1181; x_wconf 87' lang='lat' dir='ltr'><strong>maledicta</strong></span> <span class='ocrx_word' id='word_1_25' title='bbox 783 1130 992 1181; x_wconf 80' lang='lat' dir='ltr'><strong>contemnere.</strong></span> <span class='ocrx_word' id='word_1_26' title='bbox 1039 1118 1127 1182; x_wconf 90' lang='lat' dir='ltr'><strong>Usus</strong></span> <span class='ocrx_word' id='word_1_27' title='bbox 1145 1140 1223 1203; x_wconf 80' lang='lat' dir='ltr'><strong>ergo</strong></span> 
     </span>
     <span class='ocr_line' id='line_1_5' title="bbox 263 1214 1222 1300; baseline -0.003 -16"><span class='ocrx_word' id='word_1_28' title='bbox 263 1241 375 1284; x_wconf 86' lang='lat' dir='ltr'><strong>rerum</strong></span> <span class='ocrx_word' id='word_1_29' title='bbox 399 1215 569 1281; x_wconf 87' lang='lat' dir='ltr'><strong>laudabilis</strong></span> <span class='ocrx_word' id='word_1_30' title='bbox 591 1231 646 1280; x_wconf 87' lang='lat' dir='ltr'><strong>aut</strong></span> <span class='ocrx_word' id='word_1_31' title='bbox 669 1214 838 1300; x_wconf 88' lang='lat' dir='ltr'><strong>culpabilis</strong></span> <span class='ocrx_word' id='word_1_32' title='bbox 859 1229 919 1292; x_wconf 85' lang='lat' dir='ltr'><strong>est,</strong></span> <span class='ocrx_word' id='word_1_33' title='bbox 934 1238 1040 1280; x_wconf 90' lang='lat' dir='ltr'><strong>rerum</strong></span> <span class='ocrx_word' id='word_1_34' title='bbox 1064 1216 1222 1282; x_wconf 78' lang='lat' dir='ltr'>duntaxat</span> 
     </span>
     <span class='ocr_line' id='line_1_6' title="bbox 265 1316 1223 1405; baseline -0.001 -20"><span class='ocrx_word' id='word_1_35' title='bbox 265 1318 447 1386; x_wconf 85' lang='lat' dir='ltr'><strong>differentia</strong></span> <span class='ocrx_word' id='word_1_36' title='bbox 476 1330 533 1383; x_wconf 87' lang='lat' dir='ltr'><strong>est.</strong></span> <span class='ocrx_word' id='word_1_37' title='bbox 590 1316 684 1381; x_wconf 92' lang='lat' dir='ltr'><strong>Unde</strong></span> <span class='ocrx_word' id='word_1_38' title='bbox 714 1318 897 1403; x_wconf 86' lang='lat' dir='ltr'><strong>Diaspenis,</strong></span> <span class='ocrx_word' id='word_1_39' title='bbox 928 1319 1063 1404; x_wconf 85' lang='lat' dir='ltr'><strong>pecunia</strong></span> <span class='ocrx_word' id='word_1_40' title='bbox 1091 1321 1223 1405; x_wconf 81' lang='lat' dir='ltr'><strong>profuso</strong></span> 
     </span>
     <span class='ocr_line' id='line_1_7' title="bbox 265 1419 1223 1509; baseline 0.001 -23"><span class='ocrx_word' id='word_1_41' title='bbox 265 1422 380 1498; x_wconf 87' lang='lat' dir='ltr'><strong>decus,</strong></span> <span class='ocrx_word' id='word_1_42' title='bbox 395 1444 491 1486; x_wconf 83' lang='lat' dir='ltr'><strong>avaro</strong></span> <span class='ocrx_word' id='word_1_43' title='bbox 509 1419 700 1506; x_wconf 85' lang='lat' dir='ltr'><strong>supplicium</strong></span> <span class='ocrx_word' id='word_1_44' title='bbox 723 1433 782 1484; x_wconf 84' lang='lat' dir='ltr'><strong>ast.</strong></span> <span class='ocrx_word' id='word_1_45' title='bbox 828 1419 997 1505; x_wconf 84' lang='lat' dir='ltr'><strong>Fugienda</strong></span> <span class='ocrx_word' id='word_1_46' title='bbox 1016 1436 1100 1497; x_wconf 88' lang='lat' dir='ltr'><strong>sunt,</strong></span> <span class='ocrx_word' id='word_1_47' title='bbox 1116 1423 1223 1509; x_wconf 91' lang='lat' dir='ltr'><strong>inquit</strong></span> 
     </span>
     <span class='ocr_line' id='line_1_8' title="bbox 265 1521 1223 1606; baseline 0 -18"><span class='ocrx_word' id='word_1_48' title='bbox 265 1523 467 1601; x_wconf 78' lang='lat' dir='ltr'><strong>Macrobius,</strong></span> <span class='ocrx_word' id='word_1_49' title='bbox 491 1522 640 1586; x_wconf 86' lang='lat' dir='ltr'><strong>omnibus</strong></span> <span class='ocrx_word' id='word_1_50' title='bbox 666 1521 779 1597; x_wconf 89' lang='lat' dir='ltr'><strong>modis,</strong></span> <span class='ocrx_word' id='word_1_51' title='bbox 802 1534 833 1584; x_wconf 85' lang='lat' dir='ltr'><strong>et</strong></span> <span class='ocrx_word' id='word_1_52' title='bbox 859 1521 1073 1586; x_wconf 87' lang='lat' dir='ltr'><strong>abscindenda</strong></span> <span class='ocrx_word' id='word_1_53' title='bbox 1094 1525 1168 1606; x_wconf 84' lang='lat' dir='ltr'><strong>igne</strong></span> <span class='ocrx_word' id='word_1_54' title='bbox 1190 1538 1223 1589; x_wconf 87' lang='lat' dir='ltr'><strong>et</strong></span> 
     </span>
     <span class='ocr_line' id='line_1_9' title="bbox 265 1621 1223 1709; baseline 0.001 -21"><span class='ocrx_word' id='word_1_55' title='bbox 265 1624 366 1700; x_wconf 80' lang='lat' dir='ltr'><strong>ferro,</strong></span> <span class='ocrx_word' id='word_1_56' title='bbox 382 1637 516 1709; x_wconf 89' lang='lat' dir='ltr'><strong>totoque</strong></span> <span class='ocrx_word' id='word_1_57' title='bbox 538 1622 671 1686; x_wconf 87' lang='lat' dir='ltr'><strong>artificio</strong></span> <span class='ocrx_word' id='word_1_58' title='bbox 689 1622 864 1706; x_wconf 86' lang='lat' dir='ltr'><strong>separanda</strong></span> <span class='ocrx_word' id='word_1_59' title='bbox 883 1621 1018 1705; x_wconf 80' lang='lat' dir='ltr'><strong>languor</strong></span> <span class='ocrx_word' id='word_1_60' title='bbox 1037 1647 1057 1686; x_wconf 88' lang='lat' dir='ltr'><strong>a</strong></span> <span class='ocrx_word' id='word_1_61' title='bbox 1078 1647 1223 1709; x_wconf 86' lang='lat' dir='ltr'><strong>corpore,</strong></span> 
     </span>
     <span class='ocr_line' id='line_1_10' title="bbox 266 1723 1225 1813; baseline 0 -23"><span class='ocrx_word' id='word_1_62' title='bbox 266 1727 430 1813; x_wconf 87' lang='lat' dir='ltr'><strong>imperitia</strong></span> <span class='ocrx_word' id='word_1_63' title='bbox 442 1727 483 1791; x_wconf 88' lang='lat' dir='ltr'><strong>ab</strong></span> <span class='ocrx_word' id='word_1_64' title='bbox 495 1726 612 1801; x_wconf 86' lang='lat' dir='ltr'><strong>animo,</strong></span> <span class='ocrx_word' id='word_1_65' title='bbox 624 1723 752 1788; x_wconf 82' lang='lat' dir='ltr'><strong>luxuria</strong></span> <span class='ocrx_word' id='word_1_66' title='bbox 767 1747 786 1787; x_wconf 87' lang='lat' dir='ltr'><strong>a</strong></span> <span class='ocrx_word' id='word_1_67' title='bbox 798 1737 919 1800; x_wconf 88' lang='lat' dir='ltr'><strong>ventre,</strong></span> <span class='ocrx_word' id='word_1_68' title='bbox 932 1748 950 1787; x_wconf 90' lang='lat' dir='ltr'><strong>a</strong></span> <span class='ocrx_word' id='word_1_69' title='bbox 961 1726 1091 1790; x_wconf 88' lang='lat' dir='ltr'><strong>civitate</strong></span> <span class='ocrx_word' id='word_1_70' title='bbox 1102 1727 1225 1806; x_wconf 87' lang='lat' dir='ltr'><strong>seditio,</strong></span> 
     </span>
     <span class='ocr_line' id='line_1_11' title="bbox 267 1826 1225 1903; baseline 0.001 -11"><span class='ocrx_word' id='word_1_71' title='bbox 267 1828 402 1892; x_wconf 85' lang='lat' dir='ltr'><strong>adorno</strong></span> <span class='ocrx_word' id='word_1_72' title='bbox 422 1826 592 1903; x_wconf 78' lang='lat' dir='ltr'><strong>discordia,</strong></span> <span class='ocrx_word' id='word_1_73' title='bbox 608 1840 640 1890; x_wconf 85' lang='lat' dir='ltr'><strong>et</strong></span> <span class='ocrx_word' id='word_1_74' title='bbox 656 1826 687 1888; x_wconf 92' lang='lat' dir='ltr'><strong>in</strong></span> <span class='ocrx_word' id='word_1_75' title='bbox 709 1848 876 1889; x_wconf 89' lang='lat' dir='ltr'><strong>commune</strong></span> <span class='ocrx_word' id='word_1_76' title='bbox 891 1849 911 1892; x_wconf 86' lang='lat' dir='ltr'><strong>a</strong></span> <span class='ocrx_word' id='word_1_77' title='bbox 925 1829 1048 1891; x_wconf 84' lang='lat' dir='ltr'><strong>cunctis</strong></span> <span class='ocrx_word' id='word_1_78' title='bbox 1069 1828 1164 1893; x_wconf 86' lang='lat' dir='ltr'><strong>rebus</strong></span> <span class='ocrx_word' id='word_1_79' title='bbox 1177 1829 1225 1892; x_wconf 91' lang='lat' dir='ltr'><strong>in-</strong></span> 
     </span>
     <span class='ocr_line' id='line_1_12' title="bbox 268 1929 491 2017; baseline 0 -23"><span class='ocrx_word' id='word_1_80' title='bbox 268 1929 491 2017; x_wconf 86' lang='lat' dir='ltr'><strong>temperantia.</strong></span> 
     </span>
    </p>
   </div>
   <div class='ocr_carea' id='block_1_3' title="bbox 268 2186 1225 2273">
    <p class='ocr_par' dir='ltr' id='par_1_3' title="bbox 268 2186 1225 2273">
     <span class='ocr_line' id='line_1_13' title="bbox 268 2186 1225 2273; baseline 0.002 -21"><span class='ocrx_word' id='word_1_81' title='bbox 268 2189 355 2271; x_wconf 85' lang='lat' dir='ltr'><strong>Cap.</strong></span> <span class='ocrx_word' id='word_1_82' title='bbox 375 2193 423 2252; x_wconf 88' lang='lat'><strong>16.</strong></span> <span class='ocrx_word' id='word_1_83' title='bbox 447 2189 498 2253; x_wconf 84' lang='lat' dir='ltr'><strong>Da</strong></span> <span class='ocrx_word' id='word_1_84' title='bbox 517 2187 876 2273; x_wconf 79' lang='lat' dir='ltr'><strong>quotuorfluminibus,</strong></span> <span class='ocrx_word' id='word_1_85' title='bbox 892 2209 968 2272; x_wconf 82' lang='lat' dir='ltr'><strong>quoe</strong></span> <span class='ocrx_word' id='word_1_86' title='bbox 990 2186 1136 2272; x_wconf 83' lang='lat' dir='ltr'><strong>dasonte</strong></span> <span class='ocrx_word' id='word_1_87' title='bbox 1156 2186 1225 2254; x_wconf 80' lang='lat' dir='ltr'><strong>libi-</strong></span> 
     </span>
    </p>
   </div>
   <div class='ocr_carea' id='block_1_4' title="bbox 303 2289 1227 2558">
    <p class='ocr_par' dir='ltr' id='par_1_4' title="bbox 303 2289 1227 2558">
     <span class='ocr_line' id='line_1_14' title="bbox 314 2289 1226 2376; baseline 0.007 -25"><span class='ocrx_word' id='word_1_88' title='bbox 314 2289 402 2352; x_wconf 78' lang='lat' dir='ltr'><strong>dr&#39;nia</strong></span> <span class='ocrx_word' id='word_1_89' title='bbox 414 2291 566 2353; x_wconf 80' lang='lat' dir='ltr'><strong>oriuntur</strong></span> <span class='ocrx_word' id='word_1_90' title='bbox 577 2291 969 2375; x_wconf 73' lang='lat' dir='ltr'><strong>Epicureis,fiaciuntque</strong></span> <span class='ocrx_word' id='word_1_91' title='bbox 984 2293 1150 2368; x_wconf 80' lang='lat' dir='ltr'><strong>diluvium,</strong></span> <span class='ocrx_word' id='word_1_92' title='bbox 1163 2315 1226 2376; x_wconf 84' lang='lat' dir='ltr'><strong>quo</strong></span> 
     </span>
     <span class='ocr_line' id='line_1_15' title="bbox 303 2393 1227 2477; baseline 0.008 -22"><span class='ocrx_word' id='word_1_93' title='bbox 303 2393 381 2474; x_wconf 79' lang='lat' dir='ltr'><strong>scre</strong></span> <span class='ocrx_word' id='word_1_94' title='bbox 397 2394 540 2456; x_wconf 78' lang='lat' dir='ltr'><strong>mundus</strong></span> <span class='ocrx_word' id='word_1_95' title='bbox 562 2399 746 2474; x_wconf 82' lang='lat' dir='ltr'><strong>mergatur:</strong></span> <span class='ocrx_word' id='word_1_96' title='bbox 773 2395 860 2456; x_wconf 86' lang='lat' dir='ltr'><strong>etde</strong></span> <span class='ocrx_word' id='word_1_97' title='bbox 882 2394 975 2477; x_wconf 79' lang='lat' dir='ltr'><strong>aquis</strong></span> <span class='ocrx_word' id='word_1_98' title='bbox 995 2398 1179 2472; x_wconf 69' lang='lat' dir='ltr'><strong>contrariis,</strong></span> <span class='ocrx_word' id='word_1_99' title='bbox 1195 2405 1227 2462; x_wconf 87' lang='lat' dir='ltr'><strong>et</strong></span> 
     </span>
     <span class='ocr_line' id='line_1_16' title="bbox 313 2492 576 2558; baseline 0.004 -3"><span class='ocrx_word' id='word_1_100' title='bbox 313 2493 455 2557; x_wconf 76' lang='lat' dir='ltr'><strong>vestibus</strong></span> <span class='ocrx_word' id='word_1_101' title='bbox 469 2492 576 2558; x_wconf 80' lang='lat' dir='ltr'><strong>Esau.</strong></span> 
     </span>
    </p>
   </div>
   <div class='ocr_carea' id='block_1_5' title="bbox 268 2645 1233 4534">
    <p class='ocr_par' dir='ltr' id='par_1_5' title="bbox 268 2645 1233 4453">
     <span class='ocr_line' id='line_1_17' title="bbox 315 2645 1226 2736; baseline 0.002 -26"><span class='ocrx_word' id='word_1_102' title='bbox 315 2645 508 2736; x_wconf 21' lang='lat' dir='ltr'><strong>Eonquidem</strong></span> <span class='ocrx_word' id='word_1_103' title='bbox 525 2645 593 2709; x_wconf 85' lang='lat' dir='ltr'><strong>haec</strong></span> <span class='ocrx_word' id='word_1_104' title='bbox 604 2645 754 2710; x_wconf 84' lang='lat' dir='ltr'><strong>universa</strong></span> <span class='ocrx_word' id='word_1_105' title='bbox 768 2661 974 2723; x_wconf 87' lang='lat' dir='ltr'><strong>concurrunt,</strong></span> <span class='ocrx_word' id='word_1_106' title='bbox 988 2659 1024 2712; x_wconf 88' lang='lat' dir='ltr'><strong>ut</strong></span> <span class='ocrx_word' id='word_1_107' title='bbox 1039 2647 1226 2713; x_wconf 80' lang='lat' dir='ltr'><strong>ostendatur</strong></span> 
     </span>
     <span class='ocr_line' id='line_1_18' title="bbox 268 2744 1226 2834; baseline 0.003 -24"><span class='ocrx_word' id='word_1_108' title='bbox 268 2749 416 2834; x_wconf 89' lang='lat' dir='ltr'><strong>quietum</strong></span> <span class='ocrx_word' id='word_1_109' title='bbox 441 2759 561 2810; x_wconf 86' lang='lat' dir='ltr'><strong>statum</strong></span> <span class='ocrx_word' id='word_1_110' title='bbox 580 2747 613 2810; x_wconf 91' lang='lat' dir='ltr'><strong>in</strong></span> <span class='ocrx_word' id='word_1_111' title='bbox 629 2744 863 2829; x_wconf 81' lang='lat' dir='ltr'><strong>rebuspublicia</strong></span> <span class='ocrx_word' id='word_1_112' title='bbox 884 2759 942 2810; x_wconf 85' lang='lat' dir='ltr'><strong>aut</strong></span> <span class='ocrx_word' id='word_1_113' title='bbox 964 2748 1108 2833; x_wconf 86' lang='lat' dir='ltr'><strong>privatis,</strong></span> <span class='ocrx_word' id='word_1_114' title='bbox 1131 2751 1191 2813; x_wconf 90' lang='lat' dir='ltr'><strong>nisi</strong></span> <span class='ocrx_word' id='word_1_115' title='bbox 1207 2775 1226 2813; x_wconf 85' lang='lat' dir='ltr'><strong>a</strong></span> 
     </span>
     <span class='ocr_line' id='line_1_19' title="bbox 270 2845 1226 2934; baseline 0.002 -23"><span class='ocrx_word' id='word_1_116' title='bbox 270 2848 362 2911; x_wconf 80' lang='lat' dir='ltr'><strong>fonte</strong></span> <span class='ocrx_word' id='word_1_117' title='bbox 377 2846 553 2933; x_wconf 79' lang='lat' dir='ltr'><strong>sapientire,</strong></span> <span class='ocrx_word' id='word_1_118' title='bbox 571 2845 725 2931; x_wconf 88' lang='lat' dir='ltr'><strong>quicquid</strong></span> <span class='ocrx_word' id='word_1_119' title='bbox 742 2846 856 2910; x_wconf 83' lang='lat' dir='ltr'><strong>sentiat</strong></span> <span class='ocrx_word' id='word_1_120' title='bbox 873 2849 1048 2932; x_wconf 85' lang='lat' dir='ltr'><strong>Epicurus,</strong></span> <span class='ocrx_word' id='word_1_121' title='bbox 1060 2849 1226 2934; x_wconf 86' lang='lat' dir='ltr'><strong>provenire</strong></span> 
     </span>
     <span class='ocr_line' id='line_1_20' title="bbox 269 2946 1226 3033; baseline 0.002 -22"><span class='ocrx_word' id='word_1_122' title='bbox 269 2970 335 3012; x_wconf 92' lang='lat' dir='ltr'><strong>non</strong></span> <span class='ocrx_word' id='word_1_123' title='bbox 351 2969 452 3033; x_wconf 82' lang='lat' dir='ltr'><strong>posse.</strong></span> <span class='ocrx_word' id='word_1_124' title='bbox 499 2951 593 3011; x_wconf 91' lang='lat' dir='ltr'><strong>Hauc</strong></span> <span class='ocrx_word' id='word_1_125' title='bbox 603 2946 896 3010; x_wconf 84' lang='lat' dir='ltr'><strong>enimesselrortum</strong></span> <span class='ocrx_word' id='word_1_126' title='bbox 908 2947 1091 3012; x_wconf 88' lang='lat' dir='ltr'><strong>deliciarum</strong></span> <span class='ocrx_word' id='word_1_127' title='bbox 1105 2949 1226 3013; x_wconf 85' lang='lat' dir='ltr'><strong>uberri—</strong></span> 
     </span>
     <span class='ocr_line' id='line_1_21' title="bbox 270 3046 1225 3135; baseline 0.003 -23"><span class='ocrx_word' id='word_1_128' title='bbox 270 3070 373 3128; x_wconf 89' lang='lat' dir='ltr'><strong>mum,</strong></span> <span class='ocrx_word' id='word_1_129' title='bbox 385 3048 657 3134; x_wconf 87' lang='lat' dir='ltr'><strong>superiusdictum</strong></span> <span class='ocrx_word' id='word_1_130' title='bbox 669 3060 729 3123; x_wconf 86' lang='lat' dir='ltr'><strong>est,</strong></span> <span class='ocrx_word' id='word_1_131' title='bbox 738 3046 997 3135; x_wconf 87' lang='lat' dir='ltr'><strong>dequoquatuor</strong></span> <span class='ocrx_word' id='word_1_132' title='bbox 1004 3052 1158 3114; x_wconf 85' lang='lat' dir='ltr'><strong>virtutum</strong></span> <span class='ocrx_word' id='word_1_133' title='bbox 1166 3049 1225 3116; x_wconf 90' lang='lat' dir='ltr'><strong>llu-</strong></span> 
     </span>
     <span class='ocr_line' id='line_1_22' title="bbox 272 3150 1226 3234; baseline 0.003 -20"><span class='ocrx_word' id='word_1_134' title='bbox 272 3150 524 3215; x_wconf 82' lang='lat' dir='ltr'><strong>minaoriuntur.</strong></span> <span class='ocrx_word' id='word_1_135' title='bbox 537 3150 700 3213; x_wconf 82' lang='lat' dir='ltr'><strong>Edirerso</strong></span> <span class='ocrx_word' id='word_1_136' title='bbox 708 3162 740 3214; x_wconf 86' lang='lat' dir='ltr'><strong>et</strong></span> <span class='ocrx_word' id='word_1_137' title='bbox 748 3150 979 3234; x_wconf 86' lang='lat' dir='ltr'><strong>Epicureorum</strong></span> <span class='ocrx_word' id='word_1_138' title='bbox 989 3152 1226 3217; x_wconf 82' lang='lat' dir='ltr'><strong>hortusfontem</strong></span> 
     </span>
     <span class='ocr_line' id='line_1_23' title="bbox 270 3249 1227 3338; baseline 0.003 -24"><span class='ocrx_word' id='word_1_139' title='bbox 270 3272 367 3315; x_wconf 82' lang='lat' dir='ltr'><strong>auum</strong></span> <span class='ocrx_word' id='word_1_140' title='bbox 390 3250 487 3315; x_wconf 84' lang='lat' dir='ltr'><strong>lrabet</strong></span> <span class='ocrx_word' id='word_1_141' title='bbox 511 3249 684 3331; x_wconf 90' lang='lat' dir='ltr'><strong>libidinem,</strong></span> <span class='ocrx_word' id='word_1_142' title='bbox 699 3251 756 3335; x_wconf 92' lang='lat' dir='ltr'><strong>qui</strong></span> <span class='ocrx_word' id='word_1_143' title='bbox 778 3264 811 3314; x_wconf 91' lang='lat' dir='ltr'><strong>et</strong></span> <span class='ocrx_word' id='word_1_144' title='bbox 833 3254 900 3336; x_wconf 84' lang='lat' dir='ltr'><strong>ipse</strong></span> <span class='ocrx_word' id='word_1_145' title='bbox 923 3255 1061 3338; x_wconf 87' lang='lat' dir='ltr'><strong>parturit</strong></span> <span class='ocrx_word' id='word_1_146' title='bbox 1084 3251 1227 3329; x_wconf 85' lang='lat' dir='ltr'><strong>flumina,</strong></span> 
     </span>
     <span class='ocr_line' id='line_1_24' title="bbox 270 3352 1225 3440; baseline 0.004 -24"><span class='ocrx_word' id='word_1_147' title='bbox 270 3375 346 3439; x_wconf 76' lang='lat' dir='ltr'><strong>qua</strong></span> <span class='ocrx_word' id='word_1_148' title='bbox 361 3352 495 3439; x_wconf 87' lang='lat' dir='ltr'><strong>irrigant</strong></span> <span class='ocrx_word' id='word_1_149' title='bbox 518 3352 696 3417; x_wconf 87' lang='lat' dir='ltr'><strong>universam</strong></span> <span class='ocrx_word' id='word_1_150' title='bbox 711 3354 794 3417; x_wconf 79' lang='lat' dir='ltr'><strong>hanc</strong></span> <span class='ocrx_word' id='word_1_151' title='bbox 814 3353 926 3416; x_wconf 85' lang='lat' dir='ltr'><strong>vallem</strong></span> <span class='ocrx_word' id='word_1_152' title='bbox 942 3354 1175 3440; x_wconf 80' lang='lat' dir='ltr'><strong>lachrymarum</strong></span> <span class='ocrx_word' id='word_1_153' title='bbox 1195 3371 1225 3420; x_wconf 91' lang='lat' dir='ltr'><strong>et</strong></span> 
     </span>
     <span class='ocr_line' id='line_1_25' title="bbox 270 3453 1227 3550; baseline 0.006 -33"><span class='ocrx_word' id='word_1_154' title='bbox 270 3454 418 3526; x_wconf 84' lang='lat' dir='ltr'><strong>miseriae,</strong></span> <span class='ocrx_word' id='word_1_155' title='bbox 436 3454 467 3517; x_wconf 91' lang='lat' dir='ltr'><strong>in</strong></span> <span class='ocrx_word' id='word_1_156' title='bbox 483 3477 580 3541; x_wconf 88' lang='lat' dir='ltr'><strong>quarn</strong></span> <span class='ocrx_word' id='word_1_157' title='bbox 596 3454 716 3539; x_wconf 85' lang='lat' dir='ltr'><strong>ejectus</strong></span> <span class='ocrx_word' id='word_1_158' title='bbox 730 3470 778 3519; x_wconf 88' lang='lat' dir='ltr'><strong>est</strong></span> <span class='ocrx_word' id='word_1_159' title='bbox 794 3453 881 3550; x_wconf 66' lang='lat' dir='ltr'><strong>eaul,</strong></span> <span class='ocrx_word' id='word_1_160' title='bbox 898 3455 954 3540; x_wconf 85' lang='lat' dir='ltr'><strong>qui</strong></span> <span class='ocrx_word' id='word_1_161' title='bbox 970 3456 1057 3542; x_wconf 95' lang='lat' dir='ltr'><strong>quod</strong></span> <span class='ocrx_word' id='word_1_162' title='bbox 1075 3456 1180 3533; x_wconf 87' lang='lat' dir='ltr'><strong>libuit,</strong></span> <span class='ocrx_word' id='word_1_163' title='bbox 1195 3471 1227 3523; x_wconf 90' lang='lat' dir='ltr'><strong>et</strong></span> 
     </span>
     <span class='ocr_line' id='line_1_26' title="bbox 271 3555 1229 3647; baseline 0.009 -28"><span class='ocrx_word' id='word_1_164' title='bbox 271 3555 360 3644; x_wconf 92' lang='lat' dir='ltr'><strong>quod</strong></span> <span class='ocrx_word' id='word_1_165' title='bbox 376 3556 482 3634; x_wconf 89' lang='lat' dir='ltr'><strong>licuit,</strong></span> <span class='ocrx_word' id='word_1_166' title='bbox 497 3556 601 3620; x_wconf 80' lang='lat' dir='ltr'><strong>lacere</strong></span> <span class='ocrx_word' id='word_1_167' title='bbox 616 3556 791 3643; x_wconf 79' lang='lat' dir='ltr'><strong>praeelegit.</strong></span> <span class='ocrx_word' id='word_1_168' title='bbox 828 3561 873 3622; x_wconf 90' lang='lat' dir='ltr'><strong>Et</strong></span> <span class='ocrx_word' id='word_1_169' title='bbox 888 3558 1018 3644; x_wconf 87' lang='lat' dir='ltr'><strong>quidem</strong></span> <span class='ocrx_word' id='word_1_170' title='bbox 1035 3562 1128 3647; x_wconf 89' lang='lat' dir='ltr'><strong>quasi</strong></span> <span class='ocrx_word' id='word_1_171' title='bbox 1146 3584 1229 3628; x_wconf 82' lang='lat' dir='ltr'><strong>unus</strong></span> 
     </span>
     <span class='ocr_line' id='line_1_27' title="bbox 271 3658 1228 3745; baseline 0.008 -23"><span class='ocrx_word' id='word_1_172' title='bbox 271 3659 362 3722; x_wconf 84' lang='lat' dir='ltr'><strong>rivus</strong></span> <span class='ocrx_word' id='word_1_173' title='bbox 383 3672 430 3722; x_wconf 90' lang='lat' dir='ltr'><strong>est</strong></span> <span class='ocrx_word' id='word_1_174' title='bbox 454 3680 542 3723; x_wconf 90' lang='lat' dir='ltr'><strong>amor</strong></span> <span class='ocrx_word' id='word_1_175' title='bbox 566 3658 715 3733; x_wconf 82' lang='lat' dir='ltr'><strong>habendi,</strong></span> <span class='ocrx_word' id='word_1_176' title='bbox 730 3682 795 3745; x_wconf 89' lang='lat' dir='ltr'><strong>quo</strong></span> <span class='ocrx_word' id='word_1_177' title='bbox 817 3659 857 3723; x_wconf 87' lang='lat' dir='ltr'><strong>ad</strong></span> <span class='ocrx_word' id='word_1_178' title='bbox 882 3660 1099 3726; x_wconf 84' lang='lat' dir='ltr'><strong>sufficientiam</strong></span> <span class='ocrx_word' id='word_1_179' title='bbox 1122 3686 1228 3730; x_wconf 85' lang='lat' dir='ltr'><strong>rernm</strong></span> 
     </span>
     <span class='ocr_line' id='line_1_28' title="bbox 272 3758 1227 3849; baseline 0.009 -26"><span class='ocrx_word' id='word_1_180' title='bbox 272 3761 364 3845; x_wconf 86' lang='lat' dir='ltr'><strong>oopia</strong></span> <span class='ocrx_word' id='word_1_181' title='bbox 378 3758 589 3845; x_wconf 74' lang='lat' dir='ltr'><strong>quaritur,in</strong></span> <span class='ocrx_word' id='word_1_182' title='bbox 606 3783 672 3847; x_wconf 92' lang='lat' dir='ltr'><strong>quo</strong></span> <span class='ocrx_word' id='word_1_183' title='bbox 687 3761 819 3826; x_wconf 85' lang='lat' dir='ltr'><strong>avaritia</strong></span> <span class='ocrx_word' id='word_1_184' title='bbox 834 3762 957 3828; x_wconf 84' lang='lat' dir='ltr'><strong>laborat</strong></span> <span class='ocrx_word' id='word_1_185' title='bbox 973 3778 1090 3849; x_wconf 86' lang='lat' dir='ltr'><strong>praeter</strong></span> <span class='ocrx_word' id='word_1_186' title='bbox 1106 3766 1227 3832; x_wconf 87' lang='lat' dir='ltr'><strong>licitum</strong></span> 
     </span>
     <span class='ocr_line' id='line_1_29' title="bbox 272 3860 1230 3946; baseline 0.008 -22"><span class='ocrx_word' id='word_1_187' title='bbox 272 3861 445 3946; x_wconf 86' lang='lat' dir='ltr'><strong>possidere,</strong></span> <span class='ocrx_word' id='word_1_188' title='bbox 471 3860 521 3925; x_wconf 86' lang='lat' dir='ltr'><strong>vel</strong></span> <span class='ocrx_word' id='word_1_189' title='bbox 548 3863 637 3927; x_wconf 83' lang='lat' dir='ltr'><strong>scire.</strong></span> <span class='ocrx_word' id='word_1_190' title='bbox 684 3862 777 3927; x_wconf 85' lang='lat' dir='ltr'><strong>Alter</strong></span> <span class='ocrx_word' id='word_1_191' title='bbox 804 3887 879 3929; x_wconf 86' lang='lat' dir='ltr'><strong>vero</strong></span> <span class='ocrx_word' id='word_1_192' title='bbox 908 3865 1047 3931; x_wconf 81' lang='lat' dir='ltr'><strong>luxuriae</strong></span> <span class='ocrx_word' id='word_1_193' title='bbox 1076 3867 1230 3933; x_wconf 85' lang='lat' dir='ltr'><strong>lenocinia</strong></span> 
     </span>
     <span class='ocr_line' id='line_1_30' title="bbox 271 3961 1230 4052; baseline 0.006 -27"><span class='ocrx_word' id='word_1_194' title='bbox 271 3961 436 4038; x_wconf 86' lang='lat' dir='ltr'><strong>diffundit,</strong></span> <span class='ocrx_word' id='word_1_195' title='bbox 448 3976 481 4028; x_wconf 87' lang='lat' dir='ltr'><strong>et</strong></span> <span class='ocrx_word' id='word_1_196' title='bbox 496 3962 610 4028; x_wconf 81' lang='lat' dir='ltr'><strong>defluit</strong></span> <span class='ocrx_word' id='word_1_197' title='bbox 623 3964 653 4027; x_wconf 90' lang='lat' dir='ltr'><strong>in</strong></span> <span class='ocrx_word' id='word_1_198' title='bbox 671 3968 776 4030; x_wconf 84' lang='lat' dir='ltr'><strong>varias</strong></span> <span class='ocrx_word' id='word_1_199' title='bbox 789 3967 981 4052; x_wconf 85' lang='lat' dir='ltr'><strong>voluptates,</strong></span> <span class='ocrx_word' id='word_1_200' title='bbox 993 3968 1071 4031; x_wconf 91' lang='lat' dir='ltr'><strong>dum</strong></span> <span class='ocrx_word' id='word_1_201' title='bbox 1087 3970 1127 4032; x_wconf 89' lang='lat' dir='ltr'><strong>ad</strong></span> <span class='ocrx_word' id='word_1_202' title='bbox 1145 3984 1230 4033; x_wconf 92' lang='lat' dir='ltr'><strong>tran·</strong></span> 
     </span>
     <span class='ocr_line' id='line_1_31' title="bbox 272 4063 1231 4150; baseline 0.004 -24"><span class='ocrx_word' id='word_1_203' title='bbox 272 4063 454 4149; x_wconf 82' lang='lat' dir='ltr'><strong>quillitatia,</strong></span> <span class='ocrx_word' id='word_1_204' title='bbox 470 4078 503 4130; x_wconf 88' lang='lat' dir='ltr'><strong>et</strong></span> <span class='ocrx_word' id='word_1_205' title='bbox 519 4064 641 4130; x_wconf 82' lang='lat' dir='ltr'><strong>laetitiae</strong></span> <span class='ocrx_word' id='word_1_206' title='bbox 656 4065 774 4150; x_wconf 86' lang='lat' dir='ltr'><strong>gaudia</strong></span> <span class='ocrx_word' id='word_1_207' title='bbox 789 4067 923 4131; x_wconf 88' lang='lat' dir='ltr'><strong>tendens</strong></span> <span class='ocrx_word' id='word_1_208' title='bbox 938 4069 1067 4150; x_wconf 87' lang='lat' dir='ltr'><strong>aspirat.</strong></span> <span class='ocrx_word' id='word_1_209' title='bbox 1100 4069 1231 4131; x_wconf 82' lang='lat' dir='ltr'><strong>Tertius</strong></span> 
     </span>
     <span class='ocr_line' id='line_1_32' title="bbox 274 4164 1230 4251; baseline 0.006 -27"><span class='ocrx_word' id='word_1_210' title='bbox 274 4164 357 4228; x_wconf 85' lang='lat' dir='ltr'><strong>vires</strong></span> <span class='ocrx_word' id='word_1_211' title='bbox 379 4165 514 4250; x_wconf 81' lang='lat' dir='ltr'><strong>colligit,</strong></span> <span class='ocrx_word' id='word_1_212' title='bbox 537 4165 656 4251; x_wconf 90' lang='lat' dir='ltr'><strong>quibus</strong></span> <span class='ocrx_word' id='word_1_213' title='bbox 679 4179 806 4230; x_wconf 86' lang='lat' dir='ltr'><strong>tueatur</strong></span> <span class='ocrx_word' id='word_1_214' title='bbox 834 4180 958 4232; x_wconf 84' lang='lat' dir='ltr'><strong>naturoe</strong></span> <span class='ocrx_word' id='word_1_215' title='bbox 986 4167 1175 4240; x_wconf 86' lang='lat' dir='ltr'><strong>libertatem,</strong></span> <span class='ocrx_word' id='word_1_216' title='bbox 1199 4182 1230 4230; x_wconf 90' lang='lat' dir='ltr'><strong>et</strong></span> 
     </span>
     <span class='ocr_line' id='line_1_33' title="bbox 272 4266 1231 4353; baseline 0.004 -26"><span class='ocrx_word' id='word_1_217' title='bbox 272 4266 414 4350; x_wconf 83' lang='lat' dir='ltr'><strong>cujusvis</strong></span> <span class='ocrx_word' id='word_1_218' title='bbox 429 4267 584 4330; x_wconf 80' lang='lat' dir='ltr'><strong>molestiae</strong></span> <span class='ocrx_word' id='word_1_219' title='bbox 594 4266 781 4351; x_wconf 89' lang='lat' dir='ltr'><strong>propulsare</strong></span> <span class='ocrx_word' id='word_1_220' title='bbox 796 4267 896 4351; x_wconf 85' lang='lat' dir='ltr'><strong>possit</strong></span> <span class='ocrx_word' id='word_1_221' title='bbox 907 4267 1056 4353; x_wconf 86' lang='lat' dir='ltr'><strong>injurias:</strong></span> <span class='ocrx_word' id='word_1_222' title='bbox 1081 4281 1113 4329; x_wconf 88' lang='lat' dir='ltr'><strong>et</strong></span> <span class='ocrx_word' id='word_1_223' title='bbox 1128 4289 1231 4351; x_wconf 86' lang='lat' dir='ltr'><strong>quum</strong></span> 
     </span>
     <span class='ocr_line' id='line_1_34' title="bbox 276 4366 1233 4453; baseline 0.006 -26"><span class='ocrx_word' id='word_1_224' title='bbox 276 4366 397 4432; x_wconf 81' lang='lat' dir='ltr'><strong>viribus</strong></span> <span class='ocrx_word' id='word_1_225' title='bbox 421 4368 646 4448; x_wconf 84' lang='lat' dir='ltr'><strong>abundaverit,</strong></span> <span class='ocrx_word' id='word_1_226' title='bbox 669 4367 798 4453; x_wconf 83' lang='lat' dir='ltr'><strong>prosilit</strong></span> <span class='ocrx_word' id='word_1_227' title='bbox 822 4369 854 4430; x_wconf 94' lang='lat' dir='ltr'><strong>in</strong></span> <span class='ocrx_word' id='word_1_228' title='bbox 877 4367 1027 4431; x_wconf 89' lang='lat' dir='ltr'><strong>odibilem</strong></span> <span class='ocrx_word' id='word_1_229' title='bbox 1053 4367 1233 4451; x_wconf 83' lang='lat' dir='ltr'><strong>tyrannidis</strong></span> 
     </span>
    </p>

    <p class='ocr_par' dir='ltr' id='par_1_6' title="bbox 317 4487 771 4534">
     <span class='ocr_line' id='line_1_35' title="bbox 317 4487 771 4534; baseline 0 -3"><span class='ocrx_word' id='word_1_230' title='bbox 317 4488 389 4534; x_wconf 76' lang='lat' dir='ltr'><strong>von.</strong></span> <span class='ocrx_word' id='word_1_231' title='bbox 407 4489 451 4533; x_wconf 80' lang='grc' dir='ltr'><strong>ιν.</strong></span> <span class='ocrx_word' id='word_1_232' title='bbox 749 4487 771 4531; x_wconf 86' lang='lat' dir='ltr'>x</span> 
     </span>
    </p>
   </div>
   <div class='ocr_carea' id='block_1_6' title="bbox 0 0 1790 5467">
    <p class='ocr_par' dir='ltr' id='par_1_7' title="bbox 0 0 1790 5467">
     <span class='ocr_line' id='line_1_36' title="bbox 0 0 1790 5467; baseline 0 0"><span class='ocrx_word' id='word_1_233' title='bbox 0 0 1790 5467; x_wconf 95' lang='lat' dir='ltr'><strong> </strong></span> 
     </span>
    </p>
   </div>
  </div>
 </body>
</html>
