3550 5467
415 693 477 751 354
672 707 810 752 mansus
828 707 1114 754 ssaasaanrsasis
1210 691 1293 764 [sia.
1310 708 1372 751 vui.

419 878 507 918 arcas
529 855 559 919 in
583 857 703 942 palatio
724 857 889 941 plurimas,
903 857 1052 920 humanis
1070 856 1238 942 capitibus
1261 856 1371 942 plenas,

420 955 617 1037 invenerunt,
632 973 663 1023 et
679 958 823 1022 demersa
839 959 945 1044 puteis
960 959 1132 1022 innumera
1145 980 1285 1042 corpora
1297 981 1373 1020 mor-

420 1070 558 1121 tuorum.
591 1059 784 1144 Prodigiosa
798 1074 831 1124 et
847 1060 979 1125 scelesta
993 1059 1092 1135 iliius,
1105 1081 1183 1145 quse
1199 1081 1257 1122 nec
1275 1060 1374 1143 lmpe·

419 1169 568 1238 ratorem,
583 1181 639 1223 nec
657 1160 885 1246 philosophum
907 1160 1098 1236 decuerunt,
1115 1160 1171 1223 sed
1189 1160 1333 1246 impium,
1345 1173 1373 1222 et

421 1280 570 1342 magum,
593 1264 655 1325 Dei
686 1261 807 1324 hostem
835 1276 866 1326 et
897 1261 1073 1334 hominum,
1101 1261 1266 1345 tripartita
1290 1260 1374 1325 latius

420 1361 533 1444 pandit
549 1362 691 1428 historia.
727 1365 766 1425 In
782 1379 877 1447 gente
895 1386 1025 1448 quoque
1041 1362 1287 1441 Britannorum,
1299 1363 1374 1426 siem

423 1461 571 1544 quaedam
596 1479 771 1529 nostratum
795 1478 932 1529 testatur
954 1462 1099 1540 historia,
1120 1463 1161 1526 ad
1186 1485 1375 1548 oompmoeu-

424 1561 497 1625 dam
527 1579 559 1627 et
584 1565 777 1650 puniendam
806 1565 981 1651 tyrannidis
1007 1565 1141 1641 rabiem,
1168 1564 1376 1648 gloriosissimi

425 1667 576 1749 martyris
597 1681 629 1731 et
645 1667 728 1752 regis
750 1667 917 1732 Edmundi
933 1689 1063 1729 manum
1078 1666 1235 1731 exercuit.
1273 1670 1374 1740 Quum

305 1848 308 1856 Ι
410 1765 509 1829 “enim
538 1772 664 1834 Suanus
692 1768 867 1836 Britanniae
893 1767 1041 1846 insulam,
1068 1789 1166 1852 quam
1197 1789 1239 1831 ex
1270 1789 1377 1851 magus

423 1880 515 1950 parte
544 1884 767 1956 occupaverat,
799 1882 948 1945 vastaret,
982 1866 1145 1954 spoliaret,
1175 1880 1210 1931 et
1238 1867 1375 1930 membra

423 1966 542 2031 Christi
571 1970 847 2055 persecutionibus
873 1966 984 2032 multis
1013 1965 1180 2050 affligeret,
1210 1965 1377 2030 indictione

421 2087 545 2144 census,
568 2093 663 2154 quem
688 2072 797 2156 lingua
820 2069 998 2154 Angiorum
1026 2066 1256 2151 Dausgeldum
1282 2066 1377 2130 nomi·

421 2178 509 2241 nant,
531 2171 726 2250 provinciam
749 2169 906 2247 oneravit,
927 2168 1145 2255 praecepitque
1168 2166 1375 2254 possessiones

420 2266 584 2329 memorati
600 2271 750 2354 martyris
765 2271 911 2334 conferre
925 2270 958 2333 iu
969 2289 1110 2332 censum.
1141 2267 1379 2354 Supplicatum-

420 2384 485 2447 que
509 2378 558 2429 est
585 2368 631 2431 ei:
666 2371 858 2456 contempsit
882 2392 1002 2457 preces.
1046 2369 1169 2434 Missus
1195 2392 1215 2433 a
1241 2380 1376 2453 martyre

424 2464 591 2550 religiosus
606 2470 716 2549 frater,
729 2473 789 2536 suh
806 2468 1063 2536 interminatione
1074 2471 1228 2550 inhibuit,
1239 2493 1278 2534 ne
1288 2467 1379 2534 eccle-

425 2564 502 2631 siam
530 2568 662 2652 Christi,
682 2573 811 2639 domum
836 2572 996 2658 martyris,
1020 2586 1053 2636 et
1076 2571 1210 2636 liberam
1231 2572 1380 2636 familiam

424 2669 505 2752 ejus,
517 2683 673 2756 tyrannus
685 2675 826 2738 indebita
838 2687 993 2760 premeret
1006 2673 1171 2737 servitute.
1197 2673 1259 2739 Sed
1272 2673 1381 2758 impie·

424 2783 473 2832 tas
487 2769 527 2833 ad
548 2795 657 2859 preces
678 2777 863 2853 obsurduit,
888 2775 1043 2838 intumuit
1061 2773 1102 2837 ad
1123 2773 1380 2859 prohibitionem,

424 2869 465 2933 ad
490 2871 592 2938 minas
618 2876 777 2956 induruit,
802 2891 835 2942 et
862 2875 1008 2939 convitiis
1033 2887 1065 2938 et
1092 2875 1222 2959 injuriis
1248 2873 1382 2938 afficiens

426 2970 576 3038 humilem
598 2980 763 3056 nuncium,
780 2979 841 3043 Dei
864 2977 1010 3042 ultricem
1034 2976 1225 3040 acceleravit
1246 2998 1382 3053 manum,

424 3071 586 3159 flagellum
618 3082 812 3165 provocavit,
843 3093 875 3144 et
909 3078 1064 3163 patientia
1096 3077 1159 3142 Dei
1193 3090 1382 3163 contempta,

426 3178 603 3243 temeritate
615 3204 718 3246 cacus
733 3181 865 3246 incurrit
877 3182 909 3244 in
922 3193 1065 3244 mortem.
1092 3179 1162 3243 Nec
1177 3201 1279 3245 mora.
1301 3181 1381 3244 Nam

427 3286 583 3361 tyrannus
612 3307 629 3346 e
660 3286 793 3369 vestigio
823 3282 993 3367 expiravit.
1036 3279 1125 3345 Inter
1155 3280 1274 3345 milites
1303 3281 1381 3344 enim

426 3399 524 3462 agens
546 3383 577 3445 in
598 3386 721 3464 castris,
740 3384 837 3463 solus,
857 3385 940 3447 sicut
960 3383 1029 3468 ipse
1050 3381 1215 3445 consessus
1236 3393 1298 3458 est,
1313 3401 1381 3444 cum

427 3478 491 3540 telo
517 3482 599 3547 vidit
625 3485 735 3549 adesse
761 3485 892 3549 beatum
924 3480 1148 3561 Edmundum,
1170 3481 1381 3567 increpantem

425 3595 497 3638 eum
521 3582 700 3660 durissime,
716 3599 750 3650 et
771 3583 945 3649 cadentem
969 3581 1009 3645 ad
1033 3594 1180 3646 mortem.
1212 3585 1259 3646 Et
1282 3581 1324 3644 ab
1346 3602 1381 3644 ea

425 3676 553 3757 quidem
582 3681 646 3756 die,
672 3684 745 3748 licet
772 3684 878 3749 insuia
902 3705 1015 3768 graves
1041 3694 1197 3767 tyrannos
1226 3681 1382 3760 habuerit,

424 3778 553 3843 ecclesia
583 3781 667 3847 beati
698 3785 865 3850 Edmuudi
896 3808 916 3849 a
945 3783 1082 3871 praesuta
1112 3783 1286 3847 indictione
1316 3782 1381 3848 fisci

424 3882 538 3946 mansit
554 3883 712 3949 immunis.
751 3891 855 3951 Nemo
870 3888 954 3952 enim
970 3906 1079 3950 eorum
1096 3899 1272 3971 martyrem
1287 3905 1382 3948 ausus

424 3995 470 4045 est
493 4007 675 4068 provocare,
691 4002 749 4053 aut
771 3993 802 4053 in
818 3988 1030 4075 opprimenda
1049 3984 1182 4050 ecclesis
1203 3986 1287 4072 ejus,
1301 3985 1381 4072 peri-

423 4085 532 4152 culum
551 4092 654 4154 facere
670 4092 729 4155 sui.
768 4092 897 4157 Nostris
913 4105 1019 4155 tamen
1041 4089 1243 4176 temporibus
1264 4089 1380 4153 Eusta-

421 4187 511 4254 chius
541 4192 623 4258 filius
649 4194 814 4280 Stephani,
840 4195 897 4282 qui
928 4193 959 4258 in
989 4191 1152 4256 ecclesiam
1180 4191 1246 4256 Dei
1272 4190 1378 4258 saerire

420 4287 612 4371 decreverat,
624 4318 724 4379 quum
736 4296 840 4360 omnia
850 4319 910 4378 pro
921 4294 1044 4360 viribus
1053 4291 1275 4378 depopulatus
1286 4303 1377 4367 esset,
