3550 5467
517 714 559 774 80
744 727 878 772 Josuurs
896 727 1174 772 sasasnnnrausrs
1308 707 1392 788 [cru.
1409 728 1467 773 vn.

519 881 642 946 facilior
671 879 792 943 videtur
822 891 854 942 et
882 879 1016 952 brevior,
1045 881 1073 941 si
1097 879 1250 962 jocundae
1280 880 1470 942 narrationis

516 983 673 1058 sensibus,
704 993 759 1045 aut
787 981 874 1044 vocis
903 979 1100 1043 dulcissimae
1133 980 1272 1043 modulis
1301 992 1467 1044 recreetur.

515 1083 569 1148 sic
591 1095 625 1147 et
645 1104 696 1145 me
718 1082 876 1160 lectionis,
896 1093 952 1146 aut
973 1083 1103 1146 alterius
1125 1083 1223 1146 officii
1247 1081 1355 1145 studio
1372 1081 1469 1167 jubes

513 1183 670 1262 insistere,
685 1196 728 1262 et,
744 1183 771 1245 si
789 1182 877 1247 aliud
899 1204 965 1246 non
988 1184 1187 1261 conceditur,
1203 1183 1243 1246 de
1266 1206 1318 1247 me
1341 1183 1423 1266 ipso,
1437 1194 1470 1246 et

514 1285 609 1349 variis
624 1287 759 1350 sortunae
774 1285 885 1349 formis
907 1286 1070 1368 conqueri,
1085 1287 1196 1348 saltem
1212 1285 1289 1347 mihi
1305 1297 1337 1347 et
1352 1285 1467 1348 Musis.

514 1387 656 1451 Grandis
677 1389 761 1452 enim
785 1388 947 1470 proiectus
970 1387 1079 1450 estad
1102 1387 1339 1471 philosophiam
1360 1385 1468 1468 adspi-

513 1489 608 1566 ranti,
633 1489 756 1553 virtutis
781 1489 814 1551 in
844 1509 879 1552 se
909 1488 1073 1571 deplorare
1103 1488 1271 1551 desectum.
1316 1485 1368 1549 nd
1398 1487 1467 1548 haec

515 1589 594 1674 quid
609 1590 668 1653 tibi
684 1589 907 1675 respondeam,
923 1589 1076 1653 Comicus
1091 1589 1243 1670 suggerit,
1260 1589 1336 1672 qnia

587 1740 689 1792 Omnes
702 1757 781 1809 quum
791 1739 918 1801 valemus,
929 1743 1000 1790 recta
1012 1737 1118 1790 consilis
1129 1738 1235 1804 aegrotis
1246 1738 1346 1789 damus.

584 1824 630 1877 Tu
643 1831 732 1878 autern
744 1827 766 1877 si
777 1825 819 1876 bic
831 1827 867 1876 sis
879 1824 955 1876 aliter
967 1825 1072 1875 sentias.

514 1961 580 2035 Sic,
595 1961 640 2022 sic
657 1981 676 2023 a
692 1960 869 2042 captivatis,
886 1979 1018 2042 quorum
1035 1979 1155 2038 organa
1173 1960 1206 2020 in
1230 1959 1383 2022 salicibus
1398 1979 1465 2020 sus-

513 2080 614 2144 pensa
628 2072 713 2136 sunt,
728 2071 912 2142 queruntur
933 2061 1029 2121 rerba
1044 2060 1239 2133 cantionum,
1257 2081 1329 2141 quae
1345 2059 1466 2122 cantari

512 2159 643 2222 omnino
655 2170 828 2240 nequeunt,
836 2170 890 2221 aut
901 2179 965 2220 non
976 2159 1081 2221 solent
1092 2158 1124 2218 in
1135 2169 1218 2220 terra
1230 2159 1344 2220 aliena.
1377 2158 1468 2220 Licet

511 2259 595 2321 euim
611 2259 709 2320 virtus
730 2259 862 2343 injurias
884 2259 1076 2342 captivitatis
1099 2259 1231 2341 ignoret,
1248 2272 1302 2321 aut
1324 2281 1384 2322 suo
1404 2259 1464 2343 pri·

511 2359 575 2421 rari
594 2379 659 2420 non
682 2359 783 2441 possit
803 2359 921 2434 officio,
942 2380 1030 2422 ranrs
1052 2371 1100 2423 est
1120 2359 1305 2437 admodum,
1321 2362 1375 2443 qui
1393 2360 1464 2444 pbi-

510 2459 688 2542 losophicis
709 2470 742 2522 et
764 2460 937 2523 curialibus
962 2462 1077 2524 officiis
1099 2462 1238 2524 sufficiat
1263 2483 1384 2524 morem
1412 2483 1464 2544 ge-

511 2580 589 2638 rere,
604 2581 701 2643 quum
717 2560 788 2622 haec
801 2560 863 2622 sibi
879 2562 1066 2644 plerumque
1083 2572 1208 2625 constet
1221 2563 1393 2646 plurimum
1410 2562 1463 2625 ad·

511 2662 636 2724 versari.
681 2659 777 2724 Unde
800 2683 867 2724 rem
885 2663 949 2725 lere
971 2663 1203 2745 impossibilem
1225 2662 1342 2725 videris
1364 2665 1465 2746 impe·

511 2782 590 2839 rare,
613 2762 786 2844 praesertim
810 2783 907 2846 quum
932 2784 990 2845 ego
1013 2762 1072 2825 sim
1095 2763 1192 2826 homo
1221 2765 1281 2826 sub
1306 2773 1464 2846 potestate

511 2863 712 2940 constitutus,
742 2874 774 2925 et
801 2863 919 2926 invitus
954 2863 1070 2926 faciam
1103 2865 1239 2947 plurima
1272 2863 1463 2926 necessitate

511 2962 720 3046 obsequendi,
750 2972 782 3025 et
811 2963 844 3024 in
872 2963 926 3025 his
960 2984 1031 3046 qure
1063 2965 1201 3047 propriae
1231 2965 1402 3028 voluntatis
1432 2974 1465 3027 et

511 3064 677 3147 sapientiae
699 3063 852 3126 instinctu
875 3061 1014 3144 gerenda
1041 3076 1124 3136 sunt,
1150 3063 1226 3126 mibi
1258 3064 1311 3126 vix
1336 3075 1464 3147 tempus

510 3165 715 3247 indulgeatur
740 3166 781 3229 ad
807 3187 919 3249 pauca
964 3165 1044 3228 Dies
1070 3177 1102 3229 et
1127 3187 1193 3228 nox
1219 3167 1408 3229 necessariis
1433 3177 1465 3229 et

509 3267 624 3332 alienis
647 3267 914 3350 occupationibus
937 3268 1159 3349 transiguntur,
1172 3282 1208 3331 nt
1226 3289 1286 3331 nec
1306 3269 1351 3331 rei
1373 3269 1463 3332 fami·

509 3369 580 3431 liari
602 3390 711 3431 curam
732 3368 919 3450 impendere
940 3369 1053 3445 liceat;
1076 3382 1108 3433 et
1130 3381 1165 3434 tu
1187 3371 1322 3434 hortaris
1338 3383 1373 3433 ut
1387 3372 1462 3433 scri-

508 3466 603 3530 bam?
643 3468 752 3529 Homo
775 3465 905 3549 quidem
926 3467 1092 3548 imperitus
1110 3491 1180 3532 sum
1203 3470 1339 3533 scientia
1353 3483 1386 3533 et
1399 3492 1463 3534 ser·

510 3581 615 3638 mone,
630 3575 662 3624 et
676 3582 773 3624 unum
791 3562 879 3645 quod
895 3583 960 3625 non
977 3564 1089 3646 accepi
1105 3567 1176 3629 aliis
1191 3565 1351 3648 erogabo?

615 3690 718 3743 Narem
730 3692 752 3743 si
764 3697 854 3763 poscat
865 3693 914 3745 sibi
926 3701 1065 3763 perorabas
1077 3702 1172 3761 arator,

616 3774 727 3828 Luciferi
739 3776 818 3840 rudis,
832 3775 962 3830 exclamet
974 3777 1112 3831 Melicerta
1123 3782 1221 3850 perisse

617 3861 741 3914 Frontem
753 3862 786 3914 dc
798 3862 883 3914 rebns.

510 3982 544 4047 Si
570 3982 678 4067 itaque
702 3985 749 4047 vis
774 3997 809 4047 ut
833 3986 981 4059 scribam,
1005 3985 1056 4061 da,
1081 3988 1128 4049 vel
1154 3991 1261 4071 potius
1280 3991 1321 4052 ab
1345 4011 1385 4053 eo
1408 3994 1461 4075 qui

507 4085 710 4149 scientiamm
739 4085 888 4149 dominus
918 4097 978 4164 est,
1006 4089 1169 4151 scientiam
1201 4091 1347 4174 impetra,
1376 4092 1461 4156 unde

508 4187 658 4265 scribam,
689 4187 730 4250 da
763 4200 890 4271 tempus
928 4190 1127 4273 expeditum,
1166 4205 1197 4255 et
1234 4197 1461 4260 necessitatum

509 4286 754 4350 domesticarum
770 4287 907 4351 exclude
923 4289 1093 4351 molestias.
