3550 5467
417 720 479 778 ltu
668 732 805 777 soranis
821 731 1097 775 satiasaaarassrs
1211 714 1294 794 [arn.
1311 734 1362 779 vn.

413 901 545 951 cautum
564 899 622 961 est,
641 882 741 947 Laicis
756 881 903 968 quamvis
927 879 1090 966 religiosis,
1107 881 1197 946 nulla
1220 881 1261 946 de
1277 885 1364 949 rebus

415 986 635 1054 ecclesiasticis
649 985 767 1068 iegitur
782 984 939 1048 attributa
953 983 1099 1048 facultas.
1147 988 1244 1050 Esset
1260 987 1364 1072 utique

416 1112 499 1152 veroe
520 1086 679 1172 religionis
699 1084 864 1163 indicium,
884 1085 910 1148 si
928 1084 969 1148 ab
990 1084 1076 1147 illius
1096 1086 1142 1147 rei
1162 1085 1365 1172 dispositione

413 1202 638 1276 temperarent,
653 1209 748 1273 quam
773 1187 846 1264 sibi,
865 1183 1002 1250 Domino
1018 1185 1222 1271 prohibente,
1238 1202 1364 1253 tractate

415 1293 569 1357 nonlicet.
598 1289 659 1354 Sed
673 1313 729 1352 nec
741 1288 781 1351 de
792 1289 921 1376 rapinis,
932 1311 993 1352 uon
1007 1288 1078 1352 dico
1089 1289 1363 1369 ecclesiarum,sed

414 1417 471 1458 nec
485 1414 753 1480 quorumcunque
769 1389 924 1466 fidelium,
935 1412 1052 1454 munus
1069 1389 1299 1476 hospitalitatis
1312 1393 1364 1456 irn-

414 1496 566 1583 plendum
586 1493 731 1567 arbitror,
746 1493 820 1576 quia
841 1516 952 1578 panem
970 1493 1159 1577 sacrilegum
1175 1493 1247 1558 odit
1265 1495 1365 1559 Domi·

415 1623 488 1676 nus,
506 1613 537 1662 et
553 1612 740 1684 aspernatur
762 1594 937 1657 oblationes
952 1617 1026 1679 qua,²
1045 1598 1229 1659 offeruntur
1244 1620 1285 1661 ex
1300 1617 1363 1661 san·

413 1703 530 1786 guine:
554 1715 586 1765 et
602 1697 750 1785 quotiens
765 1696 931 1760 invocatur
946 1719 965 1758 a
981 1696 1110 1773 talibus,
1133 1696 1257 1761 claudit
1280 1721 1364 1761 aurea

415 1828 498 1880 suas,
517 1820 552 1868 ut
568 1825 629 1866 non
641 1813 769 1886 pateant
779 1799 819 1862 ad
836 1821 943 1885 preces
959 1821 1077 1863 eorum.
1123 1802 1175 1863 De
1192 1799 1243 1863 his
1255 1802 1364 1886 quaein

414 1898 1366 1989 fraudemjustitiaeDeicommittunturatalibus,adpraesens

415 2027 616 2090 nequaquam
628 2025 730 2066 sermo
742 2015 788 2065 est
801 2001 980 2066 institutus:
998 2002 1073 2067 licet
1083 2002 1215 2066 ornnino
1223 2004 1363 2091 iniquum

414 2105 465 2181 sit,
481 2104 568 2189 quod
593 2127 699 2168 amore
723 2103 865 2190 pecuniae
889 2103 996 2179 illecti,
1014 2103 1171 2181 ecclesias,
1186 2128 1271 2191 quas
1292 2107 1365 2192 epis

411 2207 481 2293 copi
498 2205 691 2283 clauserunt,
709 2204 866 2289 aperiunt.
892 2206 1011 2269 Divina
1026 2208 1187 2291 suspensis
1196 2207 1363 2285 celebrant,

412 2307 568 2392 sepeliunt
591 2317 744 2380 mortuos,
771 2328 853 2389 quus
876 2307 978 2392 rejicit
997 2307 1138 2386 ecclesia,
1154 2323 1186 2373 et
1214 2310 1309 2374 semel
1335 2312 1363 2374 in

410 2432 492 2472 anno
508 2408 640 2484 faciunt,
658 2421 693 2471 ut
711 2418 778 2470 toto
793 2430 875 2470 auno
887 2433 1035 2475 erroneus
1050 2411 1191 2497 populus
1201 2413 1243 2477 ad
1261 2436 1362 2478 vocem

410 2510 547 2574 ecclesiae
577 2508 792 2584 obsurdescat,
830 2523 861 2572 et
897 2511 954 2596 qui
984 2513 1122 2575 coerceri
1157 2536 1222 2577 uon
1252 2529 1363 2600 potest,

410 2612 570 2677 emendari
599 2611 782 2675 contemnit.
845 2609 1056 2676 Circumeunt
1096 2637 1173 2699 ergo
1210 2618 1363 2697 ecclesias,

410 2714 609 2798 collegiorum
633 2736 763 2776 suorum
787 2712 899 2776 merita
922 2729 1156 2798 praeconantur,
1178 2718 1363 2783 abolitiones

409 2818 575 2882 criminum
589 2829 731 2903 portant,
741 2829 772 2879 et
789 2815 948 2880 interdum
961 2817 1136 2901 praedicant
1151 2819 1361 2907 Evangelium

410 2943 541 2996 novum,
566 2919 780 2982 adulterantes
807 2917 939 2981 verbum
967 2918 1037 2997 Dei,
1060 2919 1146 3005 quod
1171 2923 1361 2988 annunciant

410 3045 472 3086 nou
479 3022 518 3086 ad
528 3021 674 3108 gratiam,
687 3021 739 3084 sed
751 3020 789 3083 ad
802 3020 955 3105 precium,
967 3019 1107 3084 virentes
1115 3022 1156 3086 ad
1169 3023 1361 3111 voluptatem

409 3149 470 3190 uon
493 3126 534 3190 ad
557 3126 742 3189 veritatem:
774 3138 804 3187 et
822 3122 950 3187 tandem
966 3146 1066 3210 quum
1083 3125 1115 3188 in
1140 3124 1285 3191 latibulis
1299 3151 1363 3192 sero

408 3229 610 3306 conveniunt,
622 3226 674 3289 die
685 3225 724 3288 de
737 3226 855 3288 virtute
870 3225 978 3304 locuti,
989 3226 1111 3290 clunem
1124 3227 1250 3312 agitant
1262 3253 1362 3295 errore

406 3343 438 3393 et
466 3330 571 3395 labore
596 3341 758 3392 nocturno.
806 3329 839 3392 Si
867 3329 911 3391 sic
927 3327 991 3391 itur
1013 3328 1052 3391 ad
1071 3330 1251 3410 Christum,
1266 3332 1358 3396 fallax

407 3446 438 3496 et
455 3454 534 3494 rana
549 3445 594 3494 est
618 3430 763 3493 doctrina
780 3444 920 3515 patrum,
943 3455 1018 3516 quae
1034 3445 1152 3496 aretam
1177 3453 1208 3497 ct
1231 3434 1359 3499 arduam

406 3532 592 3595 monstravit
616 3532 709 3609 viam,
726 3531 847 3595 homini
870 3534 1012 3598 tendenti
1035 3533 1075 3596 ad
1100 3535 1209 3600 vitam.
1256 3540 1359 3612 Quum

406 3657 480 3698 vero
504 3634 573 3697 istis
593 3632 723 3696 ecclesia
750 3633 948 3720 indignetur,
974 3636 1053 3700 nulli
1082 3637 1213 3701 omnino
1240 3641 1360 3725 aequius

403 3746 653 3814 commoventur,
685 3756 781 3820 quarn
806 3738 866 3800 viri
895 3761 967 3802 vere
990 3737 1139 3823 religiosi,
1169 3740 1201 3803 in
1226 3760 1359 3826 quorum

404 3838 555 3926 injuriam
570 3837 637 3901 haec
648 3839 755 3902 omnia
765 3839 993 3905 refunduntur.
1018 3842 1357 3929 Succensetpopulus:

403 3938 459 4004 sed
490 3936 643 4022 religiosae
668 3937 877 4023 professiones
900 3939 1051 4003 adversus
1081 3940 1162 4004 hanc
1187 3940 1359 4028 hypocrisis

404 4042 504 4106 labem
517 4042 640 4124 justius
655 4042 877 4105 amaricantur.
927 4042 997 4104 Non
1014 4042 1097 4106 enirn
1116 4043 1174 4107 hoc
1191 4044 1302 4108 secisse
1316 4041 1359 4105 di-

402 4157 520 4208 cuntur
536 4142 724 4228 hypocritas,
737 4141 790 4204 sed
806 4141 1040 4223 Cistercienses,
1050 4158 1107 4208 aut
1125 4145 1358 4218 Cluuiacenses,

402 4262 458 4310 ant
469 4247 679 4330 alii,quorum
693 4243 724 4305 hi
740 4243 927 4328 ventiloqui,
941 4260 995 4309 aut
1008 4246 1203 4333 ventriloqui
1217 4249 1358 4314 habitunt

402 4349 552 4422 iuduunt,
569 4360 599 4409 et
618 4347 714 4408 vitam
737 4346 947 4410 mentiuntur.
996 4349 1077 4411 Nan]
1095 4351 1293 4430 claustrales,
1308 4347 1359 4434 qui
