3550 5467
406 744 479 791 car.
494 725 589 806 xus]
767 744 1018 790 ronrcnarmus.
1301 735 1366 794 283

409 899 491 960 Hoec
506 909 555 960 est
571 898 655 959 enim
673 895 744 958 fons
758 909 790 960 et
805 893 896 979 origo
917 895 1016 960 totius
1031 896 1204 974 modestiae,
1220 897 1286 962 sine
1301 923 1367 985 qua

408 998 487 1062 nihil
512 1013 599 1062 recte
622 1001 654 1061 in
681 996 791 1061 officiis
817 1012 993 1061 exercetur.
1038 998 1090 1063 Ab
1116 998 1175 1062 hac
1200 1000 1279 1064 alius
1304 1001 1367 1065 alia

408 1099 520 1164 decere
536 1099 585 1163 vel
602 1099 754 1163 dedecere
768 1113 888 1164 certum
905 1111 963 1164 est.

513 1216 542 1270 N
544 1234 587 1269 am
598 1217 666 1285 quod
679 1222 753 1288 turpe
765 1218 839 1269 bunis
851 1218 921 1281 Seio,
933 1217 1066 1287 Titioque,
1078 1219 1180 1272 decebit

514 1303 673 1374 Crispinum.

407 1406 574 1491 Perspicui
589 1429 667 1490 ergo
686 1406 802 1469 erroris
821 1420 880 1483 est,
896 1405 936 1469 ad
958 1406 1202 1473 fundamentum
1221 1409 1314 1475 famae
1332 1424 1363 1475 et

406 1507 530 1593 gloriae,
551 1531 737 1572 consumere
760 1509 858 1573 vitam
881 1512 914 1572 iu
938 1509 1067 1591 talibus,
1085 1533 1157 1594 quae
1178 1525 1235 1574 aut
1252 1509 1366 1575 ociosae

405 1612 633 1696 occupationes
648 1623 734 1685 sunt,
744 1622 801 1674 aut
817 1608 974 1695 flagitiosa
989 1612 1126 1696 negotia.
1156 1611 1305 1677 Profecto
1320 1612 1365 1677 sic

406 1712 665 1799 delinquentium
697 1713 856 1799 particeps
889 1727 948 1790 est,
977 1716 1034 1799 qui
1064 1736 1175 1778 eorum
1205 1713 1364 1778 lasciviam

406 1815 554 1890 exhibet,
573 1827 605 1877 et
629 1826 742 1878 auctor
767 1813 982 1877 videturesse
1006 1814 1143 1879 luxuria
1166 1815 1287 1894 alienae,
1307 1817 1365 1901 qui

406 1937 478 1979 eam
502 1914 624 1978 mavult
652 1915 837 1999 sumptibus
862 1918 1025 2000 prosequi,
1050 1915 1097 1979 vel
1122 1917 1242 1993 favore,
1265 1938 1362 2002 quam

406 2017 556 2104 persequi
582 2017 798 2102 increpatione
821 2017 977 2096 adhibita,
1003 2033 1034 2082 et
1062 2019 1244 2105 sumptibus
1271 2018 1365 2082 dene·

405 2119 502 2206 gatis.
553 2118 719 2205 Siquidem
751 2118 936 2184 Ambrosius
965 2134 1077 2184 auctor
1106 2135 1171 2187 est:
1205 2121 1281 2207 quia
1305 2122 1364 2206 qui

406 2217 529 2284 talibus
557 2217 667 2295 donat,
697 2231 861 2303 peccatum
896 2218 1018 2303 grande
1054 2219 1235 2288 committit.
1290 2225 1363 2287 Hoc

405 2323 491 2385 euim
507 2321 595 2385 fovet
610 2321 643 2383 in
659 2318 714 2401 eis,
730 2320 762 2382 in
778 2343 843 2405 quo
858 2320 1043 2406 nequissimi
1060 2337 1144 2389 sunt.

408 2535 488 2616 Cap.
515 2538 563 2597 13.
595 2536 647 2597 De
665 2534 881 2614 frayulitutia
915 2537 1196 2610 commendatione,
1226 2544 1258 2598 et
1287 2545 1363 2602 notu

453 2637 654 2710 Quintiliani
684 2636 716 2696 ia
745 2635 920 2699 Senecam:
952 2642 982 2698 et
1011 2638 1162 2717 quomodo
1180 2640 1363 2720 fruqafiter

448 2737 550 2820 possit
563 2735 713 2798 uvoritiae
727 2738 863 2817 suspicio
878 2736 1026 2799 devitari.

451 2883 638 2950 Luxunlara
660 2884 806 2969 persequi
823 2883 933 2948 videor
955 2883 995 2947 ad
1012 2882 1136 2948 laudem
1159 2884 1366 2968 frugalitatis,

408 2985 552 3072 mihique
575 2987 616 3050 ab
638 2986 777 3064 insulsis,
799 2987 907 3072 inepte
930 2985 1122 3062 viventibus,
1144 3000 1175 3049 et
1195 2986 1365 3051 indiscrete

408 3087 626 3174 loquentibus,
642 3086 723 3151 illud
748 3086 855 3150 Publii
879 3086 986 3152 Clodii
1003 3087 1227 3151 subsannando
1250 3087 1366 3172 ingeri-

405 3199 471 3270 tur,
486 3188 563 3274 quia
578 3187 746 3273 frugalitas
757 3187 829 3252 boni
847 3191 984 3252 rumoris
995 3187 1114 3251 inserta
1128 3199 1186 3251 est.
1217 3187 1260 3250 Hi
1278 3201 1363 3267 sunt,

408 3292 467 3379 qui
483 3289 561 3354 dum
579 3289 740 3355 luxuriam
757 3290 858 3353 vitare
874 3289 998 3366 nolunt,
1015 3288 1064 3351 vel
1087 3303 1261 3374 nequeunt,
1276 3291 1366 3375 quic-

407 3391 488 3480 quid
503 3414 563 3477 pro
579 3391 698 3455 virtute
713 3391 843 3467 dicitur,
855 3391 998 3456 avaritiae
1010 3391 1222 3476 patrocinium
1236 3403 1363 3476 putant.

408 3498 506 3558 Secus
528 3494 658 3579 quidem
682 3507 739 3558 est.
779 3493 955 3558 Luxuriam
982 3514 1040 3579 per
1065 3516 1097 3556 se
1120 3509 1245 3578 turpem
1270 3516 1363 3559 nemo

407 3597 555 3681 ambigit,
579 3608 612 3659 et
638 3596 711 3659 licet
741 3594 910 3681 frugalitas
940 3598 981 3660 sit
1013 3609 1162 3680 tanquam
1191 3596 1362 3675 virtutum,

407 3697 630 3785 bonorumque
663 3722 794 3785 operum
825 3701 917 3783 origo
951 3697 1131 3775 laudabilis,
1162 3721 1223 3761 uon
1258 3713 1362 3764 tamen

407 3799 557 3864 omnibus
571 3801 686 3887 placet,
703 3823 759 3864 nec
780 3800 915 3863 credunt
931 3799 1096 3863 avaritiam
1120 3800 1251 3863 malitiae
1272 3801 1364 3864 fomi-

408 3916 471 3965 tem
488 3925 579 3988 posse
601 3903 707 3982 vitari,
723 3903 782 3965 nisi
797 3916 827 3966 et
852 3902 1021 3987 frugalitas
1039 3901 1193 3984 fugiatur.
1239 3906 1364 3988 Nempe

406 4004 610 4069 indoctorum
627 4004 696 4068 ltaec
711 4005 820 4089 opinio
835 4019 892 4068 est.
931 4004 977 4068 Ut
994 4003 1077 4067 enim
1094 4003 1138 4067 ait
1156 4003 1304 4077 Ethicus‚

516 4131 586 4184 Dum
599 4132 683 4183 vitant
695 4130 779 4194 stulti,
790 4131 854 4182 vitia
867 4132 893 4181 iu
907 4130 1033 4180 contraria
1045 4133 1157 4190 currimt,

408 4244 592 4308 recedentes
612 4267 630 4307 a
650 4243 756 4306 medio
779 4243 940 4313 vitiorum,
957 4263 1030 4324 quse
1050 4240 1138 4323 regio
1159 4236 1287 4300 virtutis
1309 4254 1367 4304 est.

409 4348 490 4412 Sunt
509 4362 613 4411 tamen
635 4345 754 4430 quibus
769 4341 938 4427 frugalitas
954 4354 1001 4404 est
1026 4338 1210 4417 inhibenda,
1225 4350 1260 4402 ut
1287 4360 1365 4424 quo·
