3550 5467
540 729 600 793 168
803 754 939 798 massis
954 753 1229 800 sanusnenrassrs
1338 735 1423 816 [cm.
1439 756 1490 800 ur.

539 917 585 962 est
601 902 685 985 qnod
702 905 857 968 sententia
872 928 980 967 eorum
1002 905 1099 980 dete,
1119 910 1257 970 Domino
1273 920 1416 980 auctore,
1432 929 1489 970 non

538 1023 661 1087 semper
672 1006 803 1070 obtinet.
832 1007 864 1069 Si
877 1008 959 1070 enim
974 1007 1051 1092 ipsis
1061 1008 1220 1072 creditum
1234 1009 1344 1082 fuerit,
1358 1022 1394 1072 tu
1404 1009 1489 1094 quasi

538 1103 621 1169 laesa·
653 1109 825 1194 majestatis
855 1132 938 1184 reus,
969 1110 1069 1173 hostis
1104 1110 1255 1195 publicus
1286 1110 1489 1196 judicaberis

541 1207 664 1270 Diceris
680 1210 792 1295 utique
815 1212 944 1295 publica
960 1234 1113 1275 evacuare
1124 1212 1258 1293 judicia,
1274 1229 1306 1276 et
1324 1213 1402 1275 dum
1424 1235 1489 1297 pro-

537 1307 681 1372 fessionis
695 1315 833 1396 propriae
858 1311 989 1387 zelator,
1006 1310 1260 1376 Ecclesiasticam
1285 1313 1384 1396 erigis
1403 1313 1490 1377 liber-

538 1423 645 1485 tatem,
668 1413 852 1497 sapientiam
878 1414 1038 1476 subvertis
1059 1416 1252 1500 principum,
1272 1427 1304 1477 et
1328 1438 1383 1477 eos
1404 1417 1488 1500 quasi

538 1512 653 1575 stultos
674 1527 705 1576 ct
728 1513 960 1578 contemtibiles
981 1514 1113 1577 reddere
1139 1515 1340 1581 machinaris.
1388 1518 1490 1582 Satius

538 1612 597 1676 erit
622 1631 657 1677 ut
679 1613 826 1677 diadema
848 1613 1068 1679 detraheretur
1091 1615 1243 1700 principis
1266 1615 1377 1700 capiti,
1400 1641 1490 1702 quam

538 1714 724 1801 principalis
753 1730 784 1778 et
811 1719 949 1799 egregiae
976 1716 1075 1800 partis
1105 1714 1289 1799 reipublicae
1316 1716 1491 1803 dispositio,

539 1840 612 1900 quae
627 1818 658 1880 in
676 1818 825 1900 religione
841 1830 993 1891 versatur,
1010 1817 1094 1880 illius
1109 1817 1318 1881 strbtrabatur
1333 1820 1473 1884 arbitrio.

644 1934 703 1986 Nou
715 1938 815 2004 privata
827 1937 906 2005 eupit,
922 1935 1038 1986 Romana
1050 1936 1165 2001 quisquis
1177 1936 1203 1986 in
1216 1936 1283 1986 urbe

646 2020 796 2090 Pompeium
810 2023 919 2072 transire
930 2032 1012 2092 parnt.

542 2125 585 2184 Et
609 2123 690 2184 sorte
713 2124 916 2206 arrogantius
938 2124 1134 2208 privatorum
1152 2137 1226 2188 vota
1249 2127 1493 2208 transgreditur,

539 2223 592 2307 qui
615 2223 675 2286 sub
693 2224 830 2308 imagine
847 2225 1005 2289 libertatis
1027 2226 1226 2311 principibus
1248 2229 1375 2312 appetit
1398 2229 1493 2293 dorni·

537 2325 615 2386 nari.
654 2329 736 2389 Nam
754 2328 779 2389 si
795 2326 868 2410 quis
883 2327 1063 2412 principum
1082 2330 1299 2414 superstitioni
1313 2330 1491 2415 hujusmodi

538 2428 728 2511 acquiescat,
741 2428 891 2514 insipiens
902 2447 958 2504 est,
970 2446 1000 2491 ct
1013 2429 1055 2491 ab
1068 2430 1238 2495 illustrium
1253 2455 1367 2516 regum
1380 2434 1493 2497 virtute

540 2529 718 2612 degenerat.
752 2529 858 2593 David
872 2546 989 2611 tamen,
1002 2534 1083 2595 sicut
1098 2537 1222 2616 Regum
1237 2548 1342 2597 narrat
1356 2535 1493 2612 historia,

540 2645 571 2696 et
594 2632 695 2694 omnis
714 2631 809 2695 lsrael
833 2631 984 2696 ludebant
1007 2655 1111 2695 coram
1135 2633 1273 2695 Domino
1296 2634 1327 2696 in
1350 2636 1493 2699 omnibus

540 2733 634 2816 lignis
649 2735 842 2811 fabrefactis,
858 2747 889 2798 et
911 2734 1051 2810 citharis,
1067 2749 1099 2798 et
1116 2736 1287 2819 tympanis,
1306 2752 1339 2800 et
1363 2736 1449 2822 lyris,
1463 2753 1491 2802 et

539 2836 650 2914 sistris,
664 2852 694 2902 et
711 2837 883 2923 cymbalis;
913 2836 984 2899 licet
1001 2837 1028 2898 ei
1045 2859 1107 2900 non
1123 2836 1259 2900 desuerit
1275 2839 1434 2923 ejusmodi
1450 2840 1491 2902 in·

539 2955 695 3025 crepator.
738 2940 880 3002 Historia
906 2961 1042 3024 namque
1068 2955 1240 3003 memorata
1267 2941 1489 3025 prosequitur:

540 3043 585 3106 Et
601 3065 728 3126 egressa
744 3042 864 3107 Micbol
888 3043 952 3106 filia
975 3041 1051 3104 Saul
1067 3042 1098 3103 in
1115 3063 1281 3103 occursum
1301 3043 1419 3121 David,
1433 3042 1491 3107 ait:

540 3146 643 3221 Quam
659 3146 814 3230 gloriosus
829 3146 888 3209 luit
907 3145 1000 3208 bodie
1016 3167 1069 3206 rex
1092 3143 1198 3218 lsrael,
1214 3143 1450 3230 discooperiens
1464 3170 1493 3209 se

539 3261 612 3311 ante
635 3248 763 3311 ancillas
786 3270 949 3309 servorum
967 3268 1109 3318 suorum,
1126 3259 1158 3308 et
1182 3245 1323 3310 nudatus
1337 3262 1386 3312 est
1409 3247 1492 3333 quasi

542 3350 680 3414 nudetur
696 3373 779 3413 unus
794 3349 834 3411 de
850 3348 975 3412 scurris.
1008 3348 1167 3432 Dixitque
1184 3347 1291 3409 David
1307 3348 1347 3410 ad
1362 3350 1493 3414 Michol:

544 3452 632 3514 Vivit
651 3450 817 3524 Dominus,
829 3451 905 3535 quia
922 3450 1028 3513 ludam
1046 3463 1117 3513 autc
1131 3449 1318 3523 Dominum,
1332 3452 1390 3536 qui
1402 3451 1492 3536 elegit

541 3576 602 3628 me,
632 3552 738 3635 potius
768 3573 863 3636 quam
896 3567 1018 3637 patrem
1050 3566 1154 3629 tuum,
1184 3567 1214 3615 et
1245 3575 1341 3637 qnam
1372 3576 1491 3617 omnem

539 3655 669 3717 domum
693 3655 781 3740 ejus3
812 3667 843 3718 et
859 3655 1009 3740 praecepit
1034 3654 1112 3716 mibi
1129 3667 1164 3717 ut
1187 3676 1286 3716 essem
1310 3654 1379 3720 dux
1403 3678 1495 3742 super

540 3755 693 3842 populum
722 3758 849 3819 Domini
872 3757 904 3819 in
932 3755 1040 3830 Israel,
1058 3769 1089 3819 et
1115 3756 1233 3830 ludam,
1250 3770 1281 3820 et
1308 3758 1401 3822 vilior
1423 3759 1492 3821 liam

539 3859 612 3945 plus
630 3882 725 3944 quam
750 3860 853 3923 lactus
871 3883 955 3935 sum,
971 3877 1003 3923 ct
1024 3882 1078 3921 ero
1094 3858 1222 3923 humilis
1246 3863 1277 3922 in
1295 3861 1398 3925 oculis
1413 3862 1495 3935 meis,

539 3976 568 4025 et
580 3986 654 4025 cum
665 3963 786 4026 ancillis
795 3963 835 4027 de
845 3964 965 4048 quibus
977 3963 1079 4025 locuta
1091 3986 1133 4034 cs,
1145 3962 1315 4046 gloriosior
1327 3966 1493 4050 apparebo.

541 4067 646 4149 igitur
663 4066 783 4129 Micbol
801 4065 874 4129 filias
891 4064 966 4129 Saul
982 4087 1041 4127 non
1059 4077 1107 4127 est
1126 4077 1220 4129 natus
1236 4065 1323 4130 lilius
1340 4065 1493 4152 usquead

538 4169 621 4232 diem
640 4169 748 4231 mortis
764 4192 839 4231 sttae.
877 4167 981 4229 David
999 4189 1073 4228 vero
1089 4166 1170 4229 sedit
1187 4169 1256 4229 Rex
1275 4167 1305 4229 in
1322 4167 1420 4231 domo
1432 4192 1495 4244 suu,

539 4288 568 4333 et
593 4271 680 4334 dedit
705 4271 732 4332 ei
760 4268 915 4332 Dominus
939 4267 1078 4352 requiem
1108 4267 1250 4352 undiquc
1273 4270 1315 4333 ab
1342 4269 1494 4334 universis

540 4374 673 4437 inimicis
692 4377 765 4436 suis.
809 4370 956 4434 Vides-ne
973 4392 1067 4457 (praua
1089 4369 1257 4455 elil³genter
1274 4374 1385 4455 puniri
1408 4372 1493 4436 (locet
