3550 5467
403 747 468 805 348
649 752 787 799 soartms
801 749 1087 795 sanasnnmsa’srs
1194 733 1275 814 [ma.
1291 752 1356 797 uu.

403 922 510 973 rantes
530 928 607 990 ergo
628 903 788 977 dicebant,
815 901 878 965 late
904 911 1021 964 taurus
1042 901 1163 965 evertit
1189 901 1353 966 mundum:

403 1025 436 1074 et
458 1010 516 1074 nisi
539 1029 612 1071 eum
637 1004 793 1069 Libanius
815 1015 1004 1082 revocasset,
1027 1004 1176 1087 graviter
1201 1003 1353 1068 afflixisset

404 1110 628 1187 Antiocheam,
637 1107 791 1171 adversus
802 1128 884 1192 quos
896 1118 965 1170 tum
978 1105 1103 1169 librum
1115 1106 1196 1169 satis
1209 1106 1356 1169 urbanum

404 1212 539 1299 scripsit.
584 1211 633 1275 Ut
648 1221 754 1273 autem
775 1211 870 1272 etiarn
886 1211 904 1272 J
910 1208 1021 1272 udaeos
1036 1207 1149 1271 denuo
1162 1209 1313 1272 animaret
1328 1224 1357 1272 et

404 1311 766 1387 armaretianristnm,
774 1309 928 1393 templum
940 1307 1238 1393 Hierosolymiseos
1248 1310 1356 1373 instan-

405 1437 474 1481 rare
488 1415 654 1501 praecepit.
696 1408 1035 1493 concurrentibusque
1049 1429 1133 1492 quos
1147 1408 1191 1471 de
1207 1422 1277 1473 toto
1289 1410 1357 1474 orbe

406 1529 646 1590 convocaverat,
656 1515 794 1601 plurima
802 1511 1009 1590 ministravit,
1018 1511 1174 1597 misitque
1183 1511 1358 1597 praesidem,

406 1620 579 1706 impiorum
615 1632 813 1682 executorem
853 1612 1077 1696 dignissimum
1119 1630 1359 1700 praeceptorum.

408 1722 510 1787 Aiunt
523 1721 607 1788 enim
623 1720 772 1807 quoniam
785 1717 825 1781 ad
841 1719 1031 1802 repurgium
1045 1716 1244 1796 laciendum,
1256 1741 1362 1804 argen-

410 1839 479 1889 teos
491 1824 613 1903 hamos,
621 1837 653 1887 et
662 1822 826 1908 cophinos,
833 1833 865 1884 et
877 1817 1010 1904 scaphas
1024 1818 1210 1883 habuerint.
1247 1821 1363 1896 Quum·

411 1949 476 2012 que
497 1925 607 1989 fodere
624 1926 693 2010 jam
711 1922 892 2007 coepissent,
915 1932 1039 1984 statuta
1063 1921 1195 2007 quidem
1223 1922 1275 1985 die
1297 1922 1361 1987 baec

409 2026 585 2093 multitudo
593 2023 732 2113 plurima
740 2022 886 2087 faciebat.
902 2022 1361 2109 Nocteverospnntaneaterra

410 2129 452 2192 de
468 2127 549 2191 valle
564 2127 734 2190 crescebat.
779 2125 899 2190 Solutis
914 2124 1023 2210 itaque
1038 2124 1156 2210 prioris
1169 2125 1363 2190 fundamenti

408 2227 560 2312 reliquiis,
573 2249 656 2290 nora
666 2226 773 2289 omnia
782 2226 1017 2311 preparabant.
1042 2227 1217 2312 Quumque
1229 2228 1318 2314 gypsi
1329 2242 1358 2292 et

408 2326 614 2392 calcismulta
624 2324 801 2389 modiorum
812 2327 913 2389 millia
922 2341 1181 2411 congregassent,
1196 2329 1243 2391 vis
1253 2351 1362 2414 magna

410 2443 577 2493 ventorum
595 2441 726 2513 repente
749 2427 919 2513 respirans,
947 2443 1153 2515 tempestates
1172 2445 1272 2515 atque
1292 2454 1361 2517 pro·

409 2530 497 2595 cellae
512 2528 618 2595 subito
631 2528 739 2604 iactoe,
753 2528 908 2614 quicquid
923 2544 1151 2615 congregatum
1168 2530 1286 2608 inerat,
1301 2532 1361 2594 dis·

412 2644 587 2721 perserunt.
633 2631 753 2695 Adhuc
763 2643 868 2695 antem
879 2629 1116 2696 vesanientibus
1130 2633 1188 2709 eis,
1204 2647 1237 2697 et
1247 2656 1360 2719 nequa·

412 2759 511 2822 quam
525 2734 635 2798 divina
650 2733 889 2816 longanimitate
902 2734 1070 2818 correptis,
1086 2734 1248 2798 maximus
1262 2736 1360 2820 primo

412 2853 506 2903 terrae
521 2851 627 2902 motus
646 2837 752 2900 iactus
765 2849 824 2911 est,
840 2850 871 2900 et
888 2838 1035 2922 quisquis
1049 2860 1113 2901 non
1130 2836 1235 2902 iuerat
1249 2838 1360 2901 divinis

412 2940 572 3028 mysteriis
594 2939 749 3017 imbmus,
772 2937 976 3003 vehementer
997 2941 1129 3004 attritus
1152 2955 1210 3005 est.
1256 2940 1362 3015 Quum

412 3067 487 3108 vero
511 3065 614 3128 neque
639 3041 698 3105 boc
713 3053 908 3106 terrerentur
933 3040 1060 3118 indicio,
1091 3042 1176 3128 ignis
1190 3066 1230 3106 ex
1254 3043 1363 3108 sunda-

413 3147 541 3223 mentis,
557 3167 629 3231 qnae
656 3142 919 3223 suffodiebantur,
944 3143 1120 3229 egrediens,
1144 3145 1302 3230 plurimos
1321 3144 1365 3208 fo-

412 3247 566 3314 dientium
576 3246 937 3325 concremavit,aliornm
945 3246 1249 3312 membradiasolvit.
1267 3249 1365 3312 Nocte

412 3350 559 3437 plurimis
573 3350 605 3413 in
622 3348 725 3413 vicina
739 3348 864 3434 porticu
874 3348 1117 3423 dormientibus,
1131 3351 1249 3414 cadens
1260 3351 1365 3416 subito

411 3475 485 3517 cum
501 3467 585 3517 tecto
599 3452 669 3538 ipsa
690 3452 844 3538 portione,
863 3450 1056 3515 dormientes
1075 3453 1248 3538 oppressit.
1293 3453 1366 3517 Alia

412 3575 487 3617 vero
509 3554 572 3629 die,
596 3555 627 3617 in
650 3554 732 3619 coelo
754 3554 879 3638 signum
903 3555 1071 3639 splendens
1093 3556 1197 3620 crucis
1220 3555 1367 3619 salutaris

411 3654 574 3740 apparuit:
599 3655 653 3716 sed
666 3656 761 3718 etiam
774 3657 798 3719 J
801 3657 963 3720 udaeorum
975 3656 1189 3720 vestescrucis
1204 3657 1366 3741 signaculo

411 3767 484 3820 sunt
507 3754 658 3838 impletae,
681 3777 743 3817 non
768 3756 901 3839 signatae
924 3773 1028 3823 tamen
1052 3759 1233 3845 splendenti
1249 3760 1362 3835 colore,

411 3856 466 3922 sed
488 3856 589 3941 nigro.
636 3858 717 3919 Haec
739 3857 849 3941 itaque
874 3860 935 3922 Dei
966 3860 1097 3923 rebelles
1120 3862 1368 3935 considerantes,

409 3975 442 4027 et
457 3959 565 4023 divina
578 3957 854 4023 contremiscentes
867 3959 1004 4046 flagella,
1021 3961 1062 4026 ad
1078 3963 1209 4047 propria
1228 3980 1303 4027 sunt
1320 3986 1369 4026 re·

411 4066 506 4137 versi,
521 4060 705 4125 confitentes
726 4082 793 4122 esse
815 4062 932 4141 Deum,
947 4062 1003 4147 qui
1025 4061 1066 4125 ab
1086 4084 1197 4126 eorum
1220 4063 1367 4148 progeni-

410 4164 534 4227 toribus
553 4162 640 4247 ligno
660 4161 816 4246 probatur
836 4183 1006 4246 appensus.
1053 4165 1090 4225 ln
1112 4161 1161 4224 bis
1177 4175 1283 4226 tamen
1298 4184 1367 4224 om-

409 4266 505 4329 nibus
520 4278 643 4328 nonest
663 4287 793 4328 aversus
808 4265 897 4327 furor
919 4263 1020 4348 impii,
1038 4263 1091 4327 sed
1107 4262 1259 4327 indurato
1274 4264 1368 4328 corde

410 4367 574 4451 praecepit,
593 4381 628 4430 ut
650 4367 836 4452 quicunque
859 4365 1031 4430 sacrificare
1055 4364 1186 4444 nollent,
1209 4362 1368 4449 palatium
