3550 5467
526 706 568 761 42
782 719 919 763 ioannis
933 717 1211 764 sanesnnarnnsrs
1343 699 1482 779 [marr.

529 870 655 933 Tuscos
669 891 688 933 a
702 870 769 933 suis
790 870 923 934 sedibus
944 871 1147 954 expulerunt,
1161 870 1194 932 in
1210 891 1250 932 ea
1269 870 1483 935 condiderunt

528 972 624 1033 urbes
645 970 802 1052 egregias,
816 971 1049 1050 Mediolanum,
1072 971 1225 1049 Cornum,
1246 972 1402 1048 Brixiam,
1417 974 1480 1036 Ve-

528 1092 650 1149 ronam,
679 1073 883 1154 Bergamum‚
913 1072 1102 1135 Tridentum
1133 1084 1230 1156 atque
1269 1073 1481 1136 vincentiam.

529 1174 616 1236 Nam
637 1175 725 1258 qnod
747 1176 858 1237 urbem
881 1175 1071 1238 Senensium
1092 1175 1223 1237 senibus
1246 1176 1324 1250 suis,
1340 1187 1373 1238 et
1394 1177 1478 1238 vale·

527 1275 706 1354 tudinariis‚
730 1277 991 1360 armentariisque
1019 1277 1263 1351 construxerint,
1291 1298 1356 1339 non
1387 1275 1483 1340 modo

528 1375 610 1440 fides
624 1377 775 1456 historiae,
791 1377 849 1440 sed
864 1378 1000 1442 celebris
1015 1378 1142 1442 traditio
1154 1389 1220 1454 est;
1242 1400 1336 1442 exeo
1350 1378 1482 1462 quidem

527 1477 671 1548 validior,
687 1479 774 1563 quod
797 1479 957 1544 Senenses
980 1492 1012 1543 et
1030 1480 1234 1543 lineamentis
1256 1481 1482 1555 membrorum,

526 1590 691 1644 venustate
720 1581 827 1657 faciei,
851 1593 885 1643 et
910 1581 1026 1644 coloris
1052 1582 1163 1662 gratia,
1188 1581 1330 1643 moribus
1356 1601 1484 1664 quoqne

526 1682 606 1765 ipsis
628 1681 670 1746 ad
692 1683 805 1746 Gallos
825 1694 857 1745 et
876 1683 1039 1757 Britones‚
1055 1704 1074 1745 a
1088 1684 1207 1766 quibus
1229 1683 1383 1763 originem
1406 1702 1481 1744 con·

528 1795 707 1859 traxerunt,
724 1783 871 1848 videntur
893 1783 1057 1860 accedere,
1074 1784 1150 1847 licet
1171 1805 1226 1846 eos
1246 1794 1386 1846 vetustas
1403 1794 1481 1844 tem-

527 1885 627 1966 poris,
643 1884 729 1946 orbis
749 1886 856 1967 plaga,
875 1887 956 1947 situs
975 1885 1124 1964 regionis,
1144 1885 1310 1946 convictus
1331 1883 1482 1945 finitimo·

528 2004 609 2053 rum,
626 1984 742 2066 quibus
763 1985 919 2064 sanguine
935 1995 968 2046 et
982 1985 1124 2046 moribus
1143 1982 1200 2044 din
1222 1985 1375 2065 permixti
1396 1995 1482 2060 sunt,

527 2106 570 2148 ex
586 2106 702 2164 magna
716 2096 804 2167 parte
821 2084 1000 2146 mutaverit.
1046 2083 1203 2146 Nondum
1218 2097 1324 2146 tamen
1341 2087 1483 2147 colorem

528 2185 701 2257 Gallicum,
732 2183 904 2248 candorem
934 2184 1069 2262 scilicet,
1094 2183 1164 2246 haec
1195 2183 1304 2245 omnia
1332 2183 1374 2245 ad
1405 2184 1484 2246 vici·

527 2305 640 2348 norum
656 2283 898 2348 similitudinem
913 2285 1140 2348 exterminasse
1161 2284 1333 2347 sufficiunt.
1372 2285 1483 2347 Graeci

526 2407 665 2469 namque
691 2387 742 2450 lac
766 2381 850 2469 γάλα
874 2385 997 2463 dieunt,
1019 2385 1106 2449 unde
1133 2397 1166 2449 et
1190 2381 1337 2470 γαλαξίας
1359 2389 1482 2449 lacteus

527 2488 716 2571 appellatur,
738 2499 771 2550 et
792 2487 879 2550 Galli
902 2488 996 2570 qnasi
1022 2489 1129 2551 colore
1155 2489 1263 2564 lectei,
1285 2499 1318 2550 et
1343 2487 1480 2558 Galatae,

527 2591 583 2675 qui
610 2588 806 2672 quandoque
836 2589 915 2652 dicti
951 2600 1026 2652 sunt
1054 2590 1272 2671 Gallograeei,
1300 2590 1333 2652 in
1362 2589 1482 2650 finibus

527 2691 675 2768 Graeciae,
701 2712 782 2775 quos
807 2690 974 2754 Gallorum
999 2690 1111 2755 militia
1136 2691 1314 2773 occupavit.
1359 2689 1483 2752 Mansit

526 2804 634 2858 antem
663 2793 823 2857 exercitus
852 2792 907 2855 ille
937 2794 1067 2855 Brenno
1097 2793 1180 2856 duce
1211 2789 1428 2874 triumphator,
1451 2802 1484 2852 et

528 2917 655 2980 semper
668 2896 818 2972 invictus,
834 2894 939 2957 donec
959 2895 1122 2977 insurgere
1145 2916 1242 2959 ausus
1261 2904 1310 2957 est
1329 2895 1362 2955 in
1379 2892 1482 2967 Deos,

527 2997 634 3081 ipsum
658 2995 819 3080 Apollinis
842 2995 999 3078 Delphici
1025 2995 1179 3059 invadens
1204 2996 1367 3079 templum.
1413 2994 1482 3058 Ubi

528 3120 628 3183 quum
639 3098 754 3162 incolre
769 3097 831 3161 Dei
848 3118 942 3181 opem
957 3099 1148 3182 suppliciter
1161 3100 1379 3183 implorarent,
1388 3097 1481 3181 juve·

527 3220 602 3263 nem
617 3221 715 3283 snpra
729 3200 905 3262 humanum
927 3198 1057 3262 modum
1078 3200 1213 3283 insignis
1236 3197 1482 3282 pulchritudinis

527 3302 561 3365 in
576 3301 700 3364 delubri
716 3300 857 3364 culmine
871 3313 1120 3384 conspexerunt
1164 3298 1304 3364 Auditus
1319 3312 1369 3363 est
1384 3303 1480 3363 etiam

527 3400 645 3465 stridor
672 3422 765 3465 arcus
794 3411 826 3463 et
852 3403 1005 3485 strepitus
1034 3421 1200 3465 armorum.
1245 3400 1359 3462 Subito
1383 3401 1481 3463 etiam

529 3513 618 3566 terrae
641 3512 730 3565 motu
752 3523 829 3586 pars
857 3504 976 3567 montis
1002 3504 1148 3585 abrupta,
1176 3500 1341 3563 Gallorum
1371 3502 1482 3564 stravit

527 3603 712 3667 exercitum.
770 3604 921 3668 Insecuta
956 3603 1073 3666 deinde
1109 3610 1278 3684 tempestas
1316 3612 1376 3677 est,
1406 3623 1479 3684 quae

528 3704 682 3787 grandine
706 3716 740 3769 et
764 3706 879 3788 bigote
906 3705 1032 3768 saucios
1056 3703 1242 3785 absumpsit.
1302 3704 1381 3766 Dux
1407 3703 1478 3786 ipse

528 3806 686 3883 Brennus,
706 3827 805 3890 quum
824 3805 967 3868 dolorem
987 3803 1151 3865 vulnerum
1174 3801 1252 3865 serre
1273 3824 1340 3865 non
1360 3814 1480 3885 posset,

527 3906 668 3989 pugione
692 3907 787 3970 vitam
810 3905 923 3968 finivit.
969 3903 1039 3966 Nec
1066 3915 1191 3966 moreat
1212 3926 1406 3989 quemquam
1433 3903 1480 3980 (ut

529 4007 651 4071 dictum
680 4011 739 4088 est)
769 4008 801 4069 in
832 4006 952 4088 templo
981 4005 1083 4068 risum
1114 4027 1184 4069 esso
1214 4008 1412 4090 Apollinem,
1439 4005 1480 4069 ad

528 4111 621 4175 ducis
650 4109 766 4173 invicti
789 4107 957 4171 audaciam
991 4106 1215 4186 coercendam,
1244 4108 1479 4191 delendumque

528 4212 714 4289 exercitum,
737 4209 792 4294 qui
813 4208 1016 4293 permittente
1041 4209 1125 4289 Deo,
1147 4211 1352 4293 exigentibus
1375 4210 1480 4294 culpis

527 4314 703 4388 bominum,
718 4311 832 4375 multas
848 4310 1008 4374 deleverat
1019 4311 1175 4386 nationes,
1192 4332 1290 4394 quum
1303 4322 1424 4375 certum
1441 4309 1479 4373 sit
