3550 5467
411 707 474 766 ala
672 710 807 756 Joasars
823 706 1104 753 siaasanarsssrs
1273 690 1316 770 [a.
1332 710 1357 752 n.

408 892 473 937 uon
487 864 637 943 attendit,
652 865 710 949 qui
731 859 867 926 animam
883 858 1083 937 cruciaturus
1101 873 1148 923 est
1165 857 1197 922 in
1213 859 1360 943 gebenna.

410 976 522 1037 Caecus
537 968 693 1055 siquidem
710 981 758 1029 est
780 965 820 1028 ad
840 963 986 1048 grandia,
1001 980 1033 1026 et
1055 985 1130 1047 quae
1151 961 1273 1025 nullius
1293 976 1361 1028 sunt

407 1069 627 1158 perhorrescit.
673 1069 723 1130 De
746 1066 796 1128 his
818 1063 941 1148 inquit:
982 1063 1038 1125 Vae
1065 1063 1234 1148 prophetis
1259 1062 1359 1145 insipi-

408 1173 535 1239 entibus
551 1169 607 1255 qui
624 1183 804 1253 sequuntur
820 1164 968 1252 spiritum
985 1187 1092 1239 suum,
1105 1178 1138 1227 et
1152 1165 1230 1227 nihil
1247 1166 1359 1228 vident.

410 1274 507 1349 Quasi
530 1273 642 1357 vulpes
662 1270 694 1332 in
714 1268 861 1346 desertis,
882 1266 1047 1351 prophetae
1069 1266 1119 1330 tui
1142 1266 1243 1329 lsrael
1263 1282 1360 1331 erunt.

410 1379 484 1441 Non
500 1372 686 1437 ascendistis
701 1394 741 1433 ex
757 1370 902 1448 adverso,
914 1389 1018 1452 neque
1027 1368 1228 1452 opposuistis
1240 1390 1359 1431 murum

410 1500 468 1564 pro
483 1476 578 1539 domo
594 1473 701 1546 lsrael,
719 1487 754 1536 ut
771 1474 896 1535 staretis
912 1471 943 1533 in
961 1469 1073 1553 praelio
1096 1469 1128 1533 in
1149 1469 1203 1532 die
1227 1469 1361 1534 Domini.

413 1578 503 1644 Nihil
518 1578 601 1641 enim
617 1577 649 1638 in
665 1575 710 1638 eis
725 1574 881 1637 libertatis
899 1585 957 1652 ast,
972 1586 1010 1635 ut
1026 1571 1138 1634 mundi
1155 1573 1364 1656 potestatibus

412 1681 640 1765 obloquantur,
664 1675 741 1740 nihil
766 1674 905 1748 virtutis,
927 1687 964 1737 ut
987 1673 1153 1737 veritatem
1175 1677 1208 1737 in
1230 1674 1365 1758 periculo

415 1797 580 1847 tueantur:
610 1782 641 1843 in
664 1778 813 1841 omnibus
836 1776 970 1850 lucrum,
994 1775 1025 1838 in
1049 1775 1156 1850 nullis,
1181 1790 1241 1839 aut
1262 1777 1367 1861 paucis

410 1897 560 1970 quaerunt
576 1881 709 1944 salutem
727 1878 914 1942 animarum.
953 1879 1038 1941 Dum
1055 1877 1087 1939 in
1105 1877 1173 1940 sois
1188 1880 1363 1951 obtineant,

412 1985 490 2048 dum
500 1983 540 2046 ad
553 1980 733 2045 ambitionis
742 1994 796 2044 aut
806 1978 949 2042 avaritiae
961 1978 1110 2041 succedat
1125 1992 1248 2058 votum,
1260 2000 1365 2041 eorum

411 2109 486 2174 quar
508 2083 630 2147 Christi
654 2095 739 2161 sunt,
757 2083 885 2166 jactura
908 2080 1133 2154 contemnitur,
1158 2078 1230 2143 Fiat
1254 2103 1315 2164 pax
1337 2080 1366 2142 iu

414 2184 528 2247 diebus
565 2205 687 2258 eorum,
721 2183 784 2245 sint
822 2183 945 2244 foetosae
985 2203 1072 2255 oves,
1108 2180 1208 2245 boves
1249 2202 1369 2257 crassae,

414 2283 633 2370 promptuaria
655 2282 761 2369 plena,
787 2283 867 2346 cibis
894 2296 925 2347 et
951 2283 1032 2346 vasis
1061 2295 1180 2347 onusta
1206 2305 1314 2346 mensa
1337 2283 1367 2345 in

414 2383 655 2448 admirationem
671 2384 865 2448 intuentium
882 2384 1056 2470 splendeat,
1070 2385 1168 2448 variae
1179 2400 1212 2449 et
1225 2386 1368 2470 pretiosa

418 2485 623 2572 supellectilis
645 2509 798 2571 operosus
820 2491 927 2551 cultus
948 2485 1101 2564 abundet,
1124 2486 1322 2551 honorentur
1342 2503 1370 2551 et

415 2588 562 2655 colantur
584 2613 603 2652 a
626 2589 741 2664 turbis,
764 2588 921 2664 ditentur,
946 2588 1114 2652 visitentur
1136 2612 1156 2653 a
1178 2589 1317 2654 subditis
1338 2591 1368 2652 in

417 2691 613 2766 muneribus
630 2691 670 2754 sit
686 2691 824 2775 denique
839 2690 985 2762 liberum,
1002 2690 1145 2774 impune,
1161 2706 1194 2755 et
1211 2692 1278 2754 sine
1299 2707 1370 2756 nota

418 2794 522 2857 lacere
543 2793 698 2879 quicquid
720 2794 820 2857 libido
842 2793 1025 2857 dictaverit:
1049 2793 1090 2856 ad
1114 2793 1243 2878 singula
1258 2795 1372 2873 dicant,

418 2919 512 2980 euge,
540 2918 634 2980 euge,
665 2909 713 2971 ut,
737 2897 834 2981 juxta
864 2895 1110 2980 increpationem
1141 2897 1369 2981 propheticam,

420 2997 490 3062 luto
512 2996 633 3080 absque
656 2997 754 3083 paleis
776 2997 878 3060 livisse
903 2997 1023 3082 peccati
1047 2997 1190 3062 indurati
1223 3000 1370 3085 parietem

423 3098 604 3176 videantur,
619 3101 689 3184 qui,
706 3099 909 3184 praecipiente
926 3099 1069 3175 Domini,
1085 3101 1192 3163 fuerat
1209 3100 1374 3164 fodiendus

420 3214 455 3265 ut
471 3214 587 3274 rueret,
604 3214 636 3264 et
659 3201 908 3265 abominationes
928 3202 1071 3287 pessimae
1086 3224 1106 3264 a
1126 3202 1226 3266 domo
1244 3203 1371 3267 Domini

418 3302 618 3387 disperirent.
676 3301 720 3365 Hi
751 3317 825 3367 sunt
856 3306 914 3389 qui
944 3319 1102 3368 consuunt
1134 3304 1289 3389 pulvillos
1316 3306 1373 3368 snb

417 3404 519 3487 capite
551 3403 705 3466 universae
741 3409 856 3482 aetatis,
886 3405 1049 3468 cervicalia
1087 3421 1308 3490 supponentes
1339 3419 1371 3468 nt

417 3505 544 3587 capiant
574 3505 705 3582 animas,
734 3518 766 3569 et
797 3506 844 3569 lac
873 3506 1051 3581 comedant,
1079 3506 1160 3569 lanis
1190 3507 1372 3591 operiantur

415 3601 538 3681 lovium,
549 3627 631 3686 quas
642 3606 735 3688 quasi
747 3606 777 3670 in
792 3631 936 3672 somnum
947 3607 1150 3692 negligentiae
1167 3608 1216 3670 vel
1233 3607 1372 3672 audaciae

418 3702 624 3768 induxerunt.
659 3708 844 3796 Furputem
862 3711 1063 3774 convincitur
1075 3711 1116 3773 ab
1131 3711 1285 3795 operibus
1300 3710 1371 3785 suis,

418 3803 572 3889 quianon
594 3804 680 3868 venit
700 3807 759 3868 nisi
783 3823 817 3873 nt
841 3812 979 3887 furetur,
995 3825 1027 3875 et
1044 3811 1181 3886 occidat,
1197 3826 1229 3875 et
1248 3824 1372 3885 mactet,

416 3917 448 3968 et
463 3903 587 3989 perdat.
642 3906 795 3971 Inimicus
820 3911 932 3995 utique
955 3911 1150 3997 perniciosus
1172 3926 1205 3977 et
1232 3927 1371 3998 apertus,

419 4005 475 4091 qui
498 4027 556 4070 nec
578 4029 643 4071 rem
667 4012 803 4091 pastoris
826 4012 933 4087 habet,
956 4036 1012 4075 nec
1035 4017 1183 4098 speciem,
1207 4030 1239 4079 et
1261 4037 1317 4077 uec
1335 4012 1371 4076 ad

419 4106 544 4171 lucrurn
559 4107 671 4194 pascit,
689 4109 742 4172 sed
756 4133 850 4175 suum
863 4112 989 4176 lucrum
1006 4127 1148 4198 reputat,
1163 4114 1260 4177 etiarn
1278 4134 1374 4200 quum

416 4208 542 4273 occidit.
589 4211 715 4274 Pastori
736 4211 846 4298 itaque
871 4213 1008 4279 debetur
1033 4237 1133 4293 amor,
1153 4220 1232 4298 quia
1265 4215 1375 4299 diligit.

419 4308 619 4375 Mercenario
636 4312 800 4399 patientia,
814 4318 892 4400 quia
914 4316 1043 4379 videtur
1063 4332 1225 4381 amantem
1251 4317 1373 4382 imitari.
