3550 5467
312 738 384 784 car.
399 720 485 800 m]
664 737 918 783 eonrcuancos.
1228 725 1269 783 58

311 903 444 976 uterque
464 900 498 954 et
521 890 686 966 institutae,
708 900 741 953 et
762 889 969 954 instituenda
990 890 1185 973 proscripsit
1203 889 1266 952 for·

311 993 442 1069 mulam,
455 1002 492 1055 ut
511 991 576 1056 vita
596 990 699 1055 civilis
720 1002 865 1055 naturam
887 991 1038 1067 imitetur,
1059 1012 1156 1075 quam
1182 989 1266 1075 opti·

310 1114 397 1156 mam
412 1091 539 1156 vivendi
555 1090 671 1156 ducem
695 1092 871 1177 saepissime
887 1091 1133 1155 nominavimus.
1178 1091 1266 1155 Alio·

311 1196 403 1280 quin,
432 1215 497 1258 non
530 1192 626 1258 modo
655 1193 807 1271 incivilis,
836 1193 894 1257 sed
924 1190 1032 1276 potius
1060 1190 1204 1256 bestialia
1233 1202 1267 1255 et

311 1298 406 1359 bruta
434 1296 493 1360 rite
522 1295 715 1359 censebitur.
761 1296 844 1367 Quae
874 1295 915 1358 sit
936 1305 1043 1358 autem
1073 1305 1195 1357 naturae
1217 1293 1266 1356 in·

311 1395 447 1474 stitutio,
468 1396 538 1479 ipsa
563 1396 696 1459 rationis
719 1395 918 1479 experientia
942 1405 1116 1459 monstrare
1138 1395 1265 1458 sufficit.

313 1498 486 1561 Poetamm
516 1494 723 1560 doctissimus
749 1498 852 1575 Maro,
879 1497 921 1561 ad
950 1518 1044 1580 quem
1074 1495 1267 1558 Plutarchus

313 1619 407 1661 aarum
421 1595 562 1661 destinat
576 1595 761 1680 Trnjanum,
777 1609 814 1662 ut
828 1597 955 1662 civilem
980 1597 1078 1661 vitam
1093 1599 1134 1659 ab
1150 1597 1266 1681 apibus

313 1710 486 1777 mutuetur,

384 1865 548 1920 Admiranda
556 1867 626 1919 canit
637 1866 734 1921 levium
746 1865 896 1938 apectncnla
907 1883 1003 1930 rerum,

386 1951 455 2006 Solo
466 1969 614 2005 communae
623 1958 710 2018 natos,
722 1953 851 2005 consortia
863 1956 935 2005 tecta

385 2038 467 2092 Urbi·
477 2038 585 2103 habent,
597 2041 751 2108 magnisque
762 2039 865 2106 agium
875 2038 924 2090 sub
936 2036 1039 2105 legibus
1051 2053 1147 2091 aerum:

385 2124 421 2176 Et
431 2126 543 2196 patriam
554 2122 627 2188 aoloe,
640 2129 668 2177 et
679 2130 765 2177 certoa
775 2141 870 2177 novere
881 2127 1004 2196 penates:

385 2209 562 2279 venturaeque
573 2209 676 2279 hyemis
686 2226 824 2274 memores,
835 2215 928 2262 estate
939 2208 1056 2262 laborem

384 2296 571 2370 Experinntnr,
583 2299 649 2350 etin
660 2297 776 2350 medium
787 2298 895 2367 quaesita
907 2303 1043 2368 reponunt.

384 2382 508 2453 Namque
519 2383 579 2436 aiioe
589 2384 659 2436 victu
669 2383 818 2452 invigilant.
830 2389 859 2437 et
868 2383 968 2436 saedere
981 2388 1056 2454 pacto

385 2470 548 2523 Exercentur
558 2471 638 2538 agria,
649 2487 709 2542 para
720 2471 789 2523 intra
800 2476 874 2543 nepta
887 2471 1030 2536 domum,

385 2557 503 2610 Narciaai
512 2556 680 2626 lachrymam,
693 2563 721 2610 et
731 2556 832 2610 lentum
844 2559 878 2611 ‹ie
889 2559 984 2610 cortice
995 2557 1096 2625 gluten,

387 2642 477 2695 Prima
486 2640 553 2695 savia
564 2647 662 2714 ponunt
672 2640 832 2707 firndamina,
845 2641 941 2694 deinde
953 2649 1059 2695 tenaoea

384 2729 553 2799 Suspendant
563 2744 649 2780 ceras:
668 2726 736 2792 aliae,
749 2744 823 2798 apem
834 2727 932 2793 gentis,
944 2724 1047 2778 adultos

387 2814 509 2868 Educunt
518 2813 607 2877 soetua,
619 2814 678 2866 aliae
689 2813 829 2885 purissima
840 2811 920 2865 mella

386 2904 499 2973 Stipant,
510 2906 539 2953 et
548 2899 646 2970 liquido
658 2898 811 2952 distendunt
820 2905 925 2952 nectara
936 2897 1026 2951 callae.

385 2989 462 3052 Sunt,
474 2987 567 3055 quibua
578 2986 612 3038 ad
624 2992 712 3057 portae
723 2985 817 3037 cecidit
828 2985 947 3038 custodia
957 2985 1030 3048 sorti,

386 3074 470 3142 inqua
480 3072 563 3125 vicem
574 3071 738 3143 speculantur
750 3088 840 3140 aquae,
855 3077 883 3123 et
894 3070 984 3123 nubila
995 3069 1066 3122 coeli:

387 3156 444 3210 Aut
455 3173 533 3209 onera
544 3156 674 3226 accipiunt
685 3156 844 3220 venientum,
857 3160 902 3208 aut
915 3155 1020 3222 agmine.
1031 3153 1108 3216 sacto,

389 3243 517 3311 Ignarum
528 3240 602 3294 fucoa
613 3258 691 3311 pecias
703 3259 720 3293 a
731 3240 891 3313 praesepibus
903 3245 1002 3293 arcent.

389 3328 486 3382 Ferret
497 3344 570 3399 opua,
582 3325 750 3395 redolentque
762 3325 852 3394 thymo
863 3323 995 3393 fragantia
1005 3323 1092 3377 mella.

388 3415 430 3466 Ac
441 3412 521 3466 veluti
531 3411 611 3464 lentie
624 3411 752 3483 Cyclopea
764 3410 873 3464 firlmina
884 3412 979 3463 masaia

388 3501 478 3564 Quum
490 3504 638 3571 properant,
651 3497 697 3550 alii
708 3498 818 3550 taurinis
828 3496 934 3550 follibus
946 3514 1023 3551 aurea

389 3587 537 3658 Accipiunt,
548 3584 728 3654 redduntqne3
746 3583 791 3635 alii
803 3584 941 3637 stridentia
952 3585 1058 3652 tingunt

388 3672 462 3726 Aera
471 3671 538 3735 lacu,
550 3671 635 3738 gemit
646 3669 773 3742 imponitis
785 3667 923 3722 incudibus
937 3670 1028 3721 AEtua.

389 3757 435 3811 Illi
446 3758 514 3810 inter
525 3773 585 3809 cese
596 3772 693 3823 magna
704 3755 730 3806 vi
742 3753 849 3806 brachia
860 3753 956 3807 tollunt

391 3844 423 3896 ln
434 3860 578 3906 numerum,
591 3846 745 3909 versantque
757 3840 842 3891 tenaci
854 3837 951 3910 forcipe
962 3837 1067 3892 serrum.

390 3929 454 3982 Non
465 3927 542 3981 aliter
552 3926 592 3998 (ai
602 3943 682 3998 parva
694 3925 756 3977 licet
769 3941 920 3996 componere
931 3925 1052 3995 magnis)

390 4014 532 4084 Cecropias
543 4014 649 4065 innatae
660 4028 723 4083 apes
733 4028 807 4087 Ιαιιιοι·
817 4016 894 4079 urget
904 4011 1027 4075 habendi,

392 4102 505 4154 Manere
517 4116 646 4169 quamque
658 4114 716 4150 auo:
729 4098 875 4164 grmdaevis
887 4097 982 4169 oppida
993 4114 1069 4163 curae,

392 4187 429 4240 Et
441 4186 539 4238 munire
549 4183 631 4249 favos,
644 4189 672 4237 et
683 4182 795 4235 Daedala
805 4182 906 4250 fingere
916 4188 995 4236 tecta.

394 4275 435 4326 At
444 4270 521 4325 sem
532 4269 615 4323 multa
625 4267 741 4323 referunt
752 4286 781 4321 ae
792 4274 868 4322 nocta
880 4269 1001 4332 minorea,

393 4360 480 4414 Gnrra
491 4358 580 4426 thymo
591 4356 689 4427 plenae:
708 4361 847 4427 pascuntur
859 4360 886 4406 et
899 4354 990 4406 arbuta
1002 4353 1106 4423 passim,
