3550 5467
280 749 355 796 car.
371 734 485 813 naun]
677 751 928 799 mnrcmrrcus.
1176 744 1239 806 328

283 899 493 976 restituisset,
505 911 537 964 et
548 900 654 964 omnia
665 901 830 986 superiora
841 903 952 990 populi
963 903 1072 969 debita
1083 906 1242 984 donanda,

281 999 465 1064 litterarum
489 1001 583 1064 etiam
608 1001 822 1065 monumentis
843 1003 982 1083 abolitis,
1002 1007 1184 1081 censuisset,
1209 1010 1242 1073 in

281 1100 400 1166 diebus
409 1101 489 1186 ipsis
504 1099 573 1165 sons
585 1101 645 1164 olei
663 1101 869 1188 largissimus,
879 1104 920 1169 de
936 1106 1067 1171 taberna
1082 1106 1242 1172 meritoria

280 1225 341 1289 per
357 1214 460 1267 totum
472 1203 555 1268 diem
568 1203 812 1283 defluxit,illum
830 1206 944 1293 utique
955 1209 1121 1274 manifeste
1132 1210 1240 1276 adesse

279 1303 417 1389 imperio
431 1304 596 1382 nuncians,
611 1306 668 1391 qui
684 1328 802 1386 servos,
817 1305 936 1372 diaboli
947 1321 1137 1394 peccatores,
1146 1313 1239 1396 justo

280 1404 346 1468 Dei
364 1405 506 1469 dominio
525 1406 660 1470 subdere
681 1421 823 1486 venerat,
837 1418 870 1471 et
887 1430 1065 1493 pauperum
1088 1411 1235 1477 misereri

278 1507 390 1583 Quum
406 1528 482 1590 ergo
504 1529 523 1570 a
545 1507 625 1571 facie
649 1507 769 1572 Christi
793 1508 921 1573 silerent
942 1512 1058 1590 omnia,
1079 1524 1111 1574 et
1133 1523 1239 1577 tantas

279 1607 497 1671 miserationes
517 1607 673 1673 Altissimi
689 1607 927 1695 obstupesceret
949 1609 1100 1689 mundus,
1115 1633 1238 1676 summa
1330 1691 1332 1695 y

278 1730 387 1774 rerum
400 1719 432 1773 et
440 1722 633 1797 potestatum
646 1710 678 1773 in
691 1711 822 1774 tertium
835 1710 875 1775 ad
888 1713 1041 1797 Augusto
1053 1711 1233 1798 Caligulam

278 1808 404 1874 cecidit.
436 1811 540 1896 Cujus
551 1809 678 1886 ferocia,
692 1822 727 1873 ut
740 1810 890 1875 brevibus
901 1810 1034 1897 liqueat,
1044 1813 1235 1878 exclamasse

279 1910 403 1975 femur:
434 1912 563 1975 Utinam
582 1909 721 1996 populus
737 1911 902 1977 &manus
917 1935 1012 1976 unam
1029 1927 1153 1979 tantum
1169 1937 1235 1978 cer·

278 2012 382 2076 vicem
405 2012 554 2076 haberet!
587 2013 633 2076 Et
647 2014 726 2099 quia
747 2013 847 2078 hostis
869 2014 988 2094 deerat,
1003 2038 1119 2101 magno
1140 2029 1172 2080 et
1187 2017 1235 2081 in·

277 2112 423 2177 credibili
452 2126 609 2199 apparatu
628 2157 631 2161 -
647 2113 810 2198 profectus
838 2128 886 2179 est
921 2116 1044 2181 hostem
1080 2138 1234 2203 quaerere.

276 2213 465 2300 Ociosisque
492 2215 613 2280 viribus
638 2215 854 2297 Germaniam,
877 2216 1082 2304 Galliamque
1104 2240 1234 2304 percur-

277 2336 363 2392 rens,
379 2314 411 2378 in
431 2338 487 2380 ora
502 2315 620 2381 Oceani
643 2317 726 2381 circa
741 2331 944 2404 prospectum
974 2319 1145 2386 Britannias
1160 2321 1233 2385 sub

277 2415 373 2489 stitit,
390 2414 591 2503 Romamque
605 2439 751 2481 reversus
762 2431 810 2482 est
824 2417 900 2513 belli
913 2419 1078 2483 deficiente
1090 2420 1232 2498 materia,

275 2528 309 2580 et
324 2514 415 2579 nullo
428 2516 557 2602 expleto
571 2517 710 2601 negotio,
722 2518 783 2581 nisi
799 2516 886 2602 quod
900 2519 1048 2582 Belinum
1062 2521 1234 2584 Britanno·

276 2636 349 2680 rum
372 2617 456 2701 regis
471 2617 584 2696 fllium,
605 2638 701 2701 quem
723 2630 814 2701 pater
836 2617 1014 2700 expulerat,
1030 2640 1101 2682 cum
1122 2620 1232 2704 paucis

275 2717 309 2782 in
324 2718 519 2783 deditionem
538 2717 669 2802 accepit.
717 2716 945 2780 Infestissimus
964 2716 1093 2802 quidem
1110 2722 1130 2784 J
1133 2719 1233 2784 udaeis

274 2820 395 2895 extitit,
418 2832 450 2883 et
472 2839 561 2881 sacra
583 2815 880 2902 Hierosolymorum
907 2817 976 2882 loca
1002 2817 1176 2903 profanari,
1197 2833 1228 2884 ct

274 2920 390 2985 statuis
413 2917 527 3003 repleri
545 2917 654 3004 jussit,
676 2928 708 2982 et
731 2941 764 2982 se
785 2916 847 2981 coli
870 2931 907 2983 ut
930 2921 1049 2983 Deum.
1089 2919 1227 2985 Pilatum

272 3018 399 3087 Judaeae
414 3017 583 3104 praesidem
606 3020 704 3084 tantis
718 3020 891 3084 coarctavit
912 3020 1095 3106 angoribus,
1111 3035 1147 3086 ut
1170 3045 1229 3087 sua

273 3144 306 3187 se
317 3122 575 3188 transverberans
586 3143 693 3197 manu,
704 3122 859 3186 malorum
872 3121 1107 3208 compendium,
1116 3126 1229 3188 mortis

269 3226 431 3290 celeritate
445 3222 617 3311 quaesierit.
657 3227 796 3303 Sorores,
817 3247 900 3310 quas
924 3222 1074 3307 Caligula
1088 3228 1226 3310 primum

272 3339 387 3413 stupro
396 3327 565 3413 polluerat,
574 3327 736 3391 damnavit
748 3325 854 3402 exilio,
867 3340 898 3391 et
915 3339 998 3412 post,
1009 3348 1118 3390 omnes
1132 3324 1228 3390 simul

273 3427 384 3492 exules
401 3431 498 3515 jussit
512 3426 621 3493 occidi.
661 3428 736 3512 Ipse
751 3438 858 3490 autem
875 3449 894 3490 a
914 3430 980 3492 suis
995 3428 1228 3513 protectoribus

273 3530 402 3596 occisus
416 3543 473 3595 est.
513 3531 552 3593 In
573 3542 694 3593 secreto
714 3530 786 3615 ejus
799 3529 921 3594 inventi
944 3543 1018 3593 sunt
1032 3528 1099 3593 duo
1115 3529 1226 3606 libelli,

274 3628 470 3693 continentes
489 3629 729 3693 lectissimorum
745 3630 874 3693 nomina
893 3630 1023 3708 civium,
1037 3651 1119 3715 quos
1133 3630 1227 3694 morti

275 3727 508 3794 destinaverat:
546 3741 680 3815 eratque
714 3727 845 3794 alterius
881 3729 1055 3815 inscriptio,
1090 3729 1227 3812 gladius,

273 3832 414 3908 alterius,
436 3831 544 3916 pugio.
588 3835 672 3895 Arca
701 3853 831 3917 quoque
861 3830 971 3916 ingens
1000 3830 1226 3916 multiplicium

273 3955 465 3997 venenorum
501 3933 630 3999 inventa
663 3944 724 4009 est,
759 3933 891 4018 quibus,
928 3932 1066 3996 Claudio
1101 3934 1227 3995 Caesare

267 4033 413 4118 jubente,
434 4034 597 4110 demersis,
613 4035 714 4098 maria
735 4032 816 4117 ipsa,
836 4054 954 4116 magno
974 4031 1108 4114 piscium
1129 4028 1228 4092 exitio

273 4145 482 4217 protestante,
510 4132 683 4196 traduntur
711 4129 837 4194 iniecta.
884 4133 1040 4194 Successit
1068 4125 1227 4191 avunculo

272 4233 442 4318 Caligulae,
468 4232 604 4298 Claudio
631 4246 738 4295 tamen
768 4230 966 4314 interposito,
992 4230 1079 4293 Nero
1109 4228 1227 4304 Caesar,

272 4357 378 4399 rerum
397 4334 613 4418 vitiorumque
632 4354 803 4411 successor,
817 4330 881 4394 imo
897 4343 1118 4415 transgressor,
1135 4339 1227 4412 pctu-

723 4440 782 4496 Η
