3550 5467
405 695 424 749 2
652 713 789 759 scaurus
806 716 1086 762 sauesnenreusrs
1221 702 1308 782 [tre.
1324 718 1374 766 vr.

406 864 490 943 litui,
505 878 537 931 et
558 887 654 931 omne
676 885 778 946 genus
800 867 1007 943 musicorum,
1026 870 1138 934 laudes
1161 871 1230 954 ejus
1249 874 1375 955 pariter

406 969 554 1031 inunum
570 967 829 1045 conclamabunt,
843 989 904 1050 ego
920 970 967 1031 cir
980 971 1128 1053 plebeius
1147 985 1180 1036 et
1200 972 1373 1051 indoctus,

410 1068 470 1129 mei
487 1069 646 1131 similibus
666 1066 829 1148 praeconin
851 1067 920 1148 ejus
943 1069 1052 1132 fistula
1074 1071 1221 1135 stridenti
1243 1072 1372 1155 disper·

409 1166 495 1230 tiam.
550 1169 635 1230 Nam
662 1165 736 1247 quis
760 1184 779 1227 a
804 1164 1010 1247 semipagano
1045 1168 1156 1231 tibiam
1183 1169 1373 1233 aurichalco

402 1268 562 1352 junctam,
571 1279 605 1330 et
617 1266 762 1329 aemulnm
774 1266 859 1327 tubae
869 1265 1050 1347 grandioris
1062 1270 1236 1351 expectet?
1259 1269 1373 1333 Adero

409 1378 528 1443 tamen,
539 1378 571 1429 et
580 1388 630 1428 me
642 1363 740 1428 tantis
750 1364 913 1426 solemniis
924 1365 1086 1446 ingeram3
1102 1380 1133 1429 et
1144 1367 1230 1451 quod
1242 1367 1371 1448 ingenii

409 1490 490 1533 vane
503 1467 671 1540 subtrahit,
688 1465 868 1528 devotionis
884 1467 980 1549 copia
994 1469 1167 1551 supplebit.

517 1600 588 1653 Dum
597 1600 664 1671 juga
675 1598 771 1650 montis
782 1613 853 1667 aper,
866 1596 958 1650 flurim
969 1597 1031 1650 dum
1042 1600 1120 1670 piscis
1132 1600 1240 1661 amabit,

514 1684 636 1753 Dumque
648 1683 736 1751 thymo
748 1687 885 1752 pascentur
897 1699 969 1751 apes,
983 1683 1044 1734 dum
1055 1701 1112 1736 rore
1125 1685 1231 1749 cicade,

514 1768 620 1838 Semper
631 1767 722 1828 bonos,
733 1783 879 1834 nomenque
892 1771 974 1829 tuum,
985 1765 1128 1836 laudesque
1140 1770 1291 1822 manebunt.

409 1888 506 1963 Quod
522 1890 549 1951 si
565 1888 665 1952 duces
687 1888 720 1949 in
744 1886 892 1968 injuriam
908 1907 998 1948 suam
1019 1887 1143 1971 aliquid
1165 1889 1288 1953 dictum
1304 1911 1368 1973 pu·

412 2002 488 2067 tent,
509 1989 685 2052 doceantur
707 2007 727 2048 a
747 1987 906 2070 principe,
929 1989 1006 2070 quia
1028 2010 1093 2051 non
1119 1990 1152 2052 iu
1177 1990 1368 2074 perniciem,

409 2091 466 2155 aed
490 2093 624 2154 salutem
651 2090 872 2171 ‹egrotantium
895 2090 1106 2174 propinantur
1125 2113 1240 2156 amarae
1264 2093 1367 2157 medi·

410 2194 502 2255 cinoe.
549 2191 613 2254 His
626 2188 811 2275 praemissis,
826 2189 868 2252 ed
883 2190 1005 2274 reliqua
1020 2192 1238 2274 progrediatur
1253 2193 1368 2257 oratic.

412 2411 494 2494 Cap.
514 2414 542 2473 l.
569 2409 663 2478 Quod
676 2430 793 2472 munuc
806 2407 993 2491 reipublice
1008 2418 1068 2472 aaa
1083 2418 1215 2474 armata
1230 2421 1290 2490 eat,
1305 2422 1370 2479 aut

475 2514 626 2582 inermier
651 2520 682 2575 et
698 2531 769 2595 qun
783 2512 827 2572 eit
841 2512 987 2587 inermia,
1001 2519 1033 2573 et
1048 2510 1088 2574 de
1102 2511 1205 2597 officio
1219 2514 1299 2599 ejus.

460 2655 586 2718 Manus
602 2654 710 2738 itaque
725 2652 926 2735 Reipublicae
942 2663 999 2715 aut
1013 2663 1133 2717 armata
1145 2667 1203 2734 est,
1214 2666 1269 2719 aut
1281 2658 1367 2721 iuer·

410 2756 481 2819 mis.
527 2757 656 2819 Armata
672 2750 802 2837 quidem
823 2761 882 2826 est,
899 2774 971 2836 quae
987 2764 1181 2818 castrensem
1204 2767 1236 2816 et
1250 2777 1366 2820 cruen-

305 2932 308 2939 .
409 2868 475 2920 tam
485 2852 781 2920 exercetmilitiam·
814 2853 1042 2936 inermisque
1049 2854 1207 2938 justitiam
1219 2857 1369 2938 expedit,

411 2968 444 3021 et
455 2958 495 3021 ab
512 2955 607 3019 ermis
619 2953 762 3018 feriendo
773 2952 857 3036 juris
871 2954 994 3019 militiae
1008 2955 1113 3018 seuit.
1151 2957 1267 3040 Neque
1279 2957 1368 3022 enim

410 3058 597 3142 reipublicae
612 3055 752 3119 militant
767 3054 825 3119 soli
847 3054 905 3131 illi,
921 3055 977 3138 qni
997 3057 1097 3138 galeis
1116 3056 1367 3144 thoracibusque

412 3159 536 3233 muniti,
551 3158 585 3222 in
601 3157 710 3221 hostes
733 3167 886 3221 exercent
901 3157 1035 3237 gladios,
1051 3167 1105 3220 aut
1124 3158 1189 3221 tela
1203 3160 1369 3241 quaelibet,

412 3260 470 3325 sed
490 3270 522 3322 et
544 3257 670 3339 petroni
692 3276 870 3329 causarum,
893 3256 950 3337 qui
970 3257 1116 3336 gloriose
1139 3259 1226 3322 rocis
1249 3261 1369 3328 confisi

412 3357 598 3431 munimine,
606 3357 697 3437 lapsa
712 3355 849 3436 erigunt,
860 3354 992 3434 fatigata
1002 3368 1164 3438 reparant;
1186 3381 1246 3424 nec
1259 3363 1368 3426 minus

410 3457 578 3543 provident
588 3457 729 3520 humano
745 3455 865 3537 generi,
875 3476 973 3539 quem
988 3457 1014 3520 si
1030 3458 1244 3525 laborantium
1257 3464 1367 3547 vitam,

411 3580 514 3642 spem,
540 3566 761 3642 posterosque,
783 3575 941 3621 armorum
969 3557 1121 3640 pracsidio
1148 3562 1190 3624 ab
1215 3562 1367 3631 hostibus

412 3669 583 3723 tuerentur.
643 3657 787 3721 Militant
816 3670 849 3719 et
886 3658 1062 3741 publicani,
1094 3663 1302 3745 apparitores,
1333 3678 1367 3732 et

413 3759 568 3822 officiales
598 3757 740 3821 omnium
763 3756 922 3841 judicum
960 3760 1062 3824 ¹Sicut
1090 3762 1175 3826 enim
1205 3766 1268 3828 alia
1292 3779 1369 3834 sunt

413 3860 519 3924 officia
542 3858 642 3941 pacis,
666 3858 729 3922 alia
753 3860 842 3936 belli,
865 3860 912 3923 ita
936 3860 1047 3925 eadem
1073 3885 1208 3928 necesse
1235 3877 1284 3930 est
1308 3890 1368 3951 per

412 3960 493 4023 alios
519 3970 551 4024 et
573 3959 654 4023 alios
682 3958 837 4043 expediri.
897 3963 1028 4026 Armate
1057 3964 1164 4047 itaque
1195 3989 1308 4031 manus
1331 3970 1366 4034 iu

410 4062 537 4125 hostem
556 4058 714 4123 duntaxat
735 4073 913 4136 exercetur,
931 4073 963 4125 at
983 4063 1111 4128 inermis
1131 4068 1314 4132 extenditur
1333 4083 1367 4134 et

410 4164 444 4226 in
460 4162 574 4227 civem.
620 4159 719 4222 Porro
735 4160 898 4246 utriusque
919 4165 1100 4228 necessaria
1118 4180 1168 4229 est
1184 4169 1366 4252 disciplina,

410 4260 975 4345 quieutriusquesoletinsignisesse
986 4267 1118 4329 malitia.
1143 4269 1365 4353 Ususquoque
