3550 5467
307 729 373 776 car.
389 713 502 793 ma]
694 728 945 775 rotrcaarrcos.
1220 717 1261 776 63

304 883 486 967 acquisivit,
507 882 595 945 solus
618 883 725 945 omnia
747 881 879 945 devorat
901 893 933 946 et
955 884 1124 946 consumit.
1170 884 1258 957 Quid

304 984 426 1051 multa?
465 985 692 1050 Condixerunt
712 997 748 1050 ut
769 1007 789 1049 a
809 984 974 1052 laboribus
996 987 1202 1066 abstinerent,
1225 998 1258 1052 et

302 1089 391 1173 gravi
414 1087 527 1152 inedia
549 1086 747 1153 conficerent
768 1088 859 1152 illum
882 1089 1016 1153 inertem
1037 1099 1070 1152 ct
1093 1090 1258 1174 publicum

302 1189 441 1252 bostem.
487 1184 616 1252 Exacta
637 1198 686 1252 est
707 1189 755 1253 sic
774 1210 838 1253 una
861 1189 943 1268 dies,
958 1202 1068 1254 secuta
1090 1201 1140 1255 est
1161 1191 1260 1254 altera

302 1288 479 1352 taediosior.
524 1287 634 1352 Tertia
648 1287 730 1352 adeo
745 1289 927 1370 perniciosa
942 1289 1012 1367 suit,
1027 1298 1064 1352 ut
1079 1290 1142 1354 sera
1157 1290 1259 1354 omni·

301 1390 366 1454 bus
380 1387 541 1453 derectum
561 1386 728 1453 indiceret.
776 1391 920 1474 Urgente
934 1393 1043 1476 itaque
1059 1393 1262 1470 necessitate,

304 1489 417 1554 fratres
437 1485 552 1553 iterum
572 1488 607 1551 in
621 1510 721 1551 unum
738 1502 971 1569 convenerunt,
986 1492 1088 1555 acturi
1103 1491 1145 1556 dc
1160 1492 1262 1556 saluto

305 1611 377 1666 sua,
393 1601 426 1654 et
446 1588 549 1652 hostis
571 1589 694 1672 publici
716 1603 810 1653 statu.
856 1591 963 1664 Quum
984 1614 1058 1655 vero
1081 1613 1193 1656 omnes
1212 1613 1261 1656 as·

305 1690 464 1767 sisterent,
478 1689 563 1753 oculi
585 1689 789 1771 languerunt,
810 1711 868 1775 pes
890 1693 1008 1754 molem
1032 1693 1175 1775 corporis
1196 1713 1263 1755 non

306 1790 423 1867 erexit,
445 1791 619 1873 torpebant
642 1790 788 1868 brachia,
811 1788 866 1853 sed
895 1803 928 1855 et
953 1791 1026 1874 ipsa
1049 1791 1158 1875 lingua
1179 1793 1264 1855 iners

306 1902 341 1957 et
362 1889 527 1956 deficienti
550 1891 659 1975 palato
682 1891 814 1969 sociata,
830 1914 959 1956 eausam
982 1915 1183 1958 communem
1207 1916 1263 1958 ex-

309 2013 432 2079 ponere
447 2013 513 2055 non
535 1993 750 2076 prmsumpsit.
795 1993 846 2056 Ad
869 1994 976 2058 cordis
997 2015 1072 2077 ergo
1095 1995 1265 2060 consilium

309 2095 420 2160 omnia
448 2094 621 2172 rcdiemnt,
647 2095 757 2178 ibique
782 2096 892 2159 habita
918 2096 1159 2176 deliberatione,
1185 2099 1264 2162 ratio

309 2198 478 2283 patefecit,
507 2197 660 2280 quoniam
690 2198 760 2261 haec
795 2200 879 2262 mala
908 2199 1085 2281 ingerebat,
1108 2200 1164 2284 qui
1192 2212 1266 2264 ante

309 2298 526 2364 denunciatus
540 2300 643 2363 fuerat
657 2299 808 2383 publicus
828 2300 936 2364 hostis.
981 2301 1037 2364 Ex
1056 2323 1120 2386 quo
1135 2301 1221 2366 enim
1235 2300 1266 2366 ei

310 2402 433 2467 tributa
461 2402 626 2466 subtracta
647 2414 733 2478 sunt,
754 2413 788 2466 et
817 2403 887 2486 ipse
918 2404 1008 2487 quasi
1030 2405 1181 2486 publicus
1201 2403 1265 2468 dis·

309 2514 474 2588 pensator,
488 2503 637 2566 omnibus
652 2504 802 2568 alimenta
817 2503 983 2568 subduxit.
1025 2506 1070 2569 Et
1084 2506 1159 2589 quia
1173 2527 1267 2569 nemo

312 2615 421 2691 potest
442 2605 512 2669 sine
535 2604 706 2688 stipendiis
729 2605 874 2682 militare,
890 2627 988 2689 quum
1015 2606 1177 2690 stipendia
1201 2628 1267 2670 non

313 2705 505 2792 procedunt,
527 2705 711 2770 debilitatur
733 2721 765 2770 et
789 2708 944 2789 frangitur
971 2708 1070 2770 miles.
1118 2706 1181 2770 Sed
1208 2727 1268 2772 nec

313 2810 348 2873 in
379 2806 631 2892 dispensatorem
660 2818 785 2890 poterat
814 2809 910 2892 culpa
941 2807 1076 2885 refundi,
1099 2808 1155 2892 qui
1181 2808 1269 2890 quod

316 2933 382 2976 non
397 2923 578 2994 acceperat,
592 2910 723 2974 minime
747 2910 886 2994 potuerit
908 2911 980 2974 aliis
1000 2932 1140 2993 erogare.
1185 2911 1270 2973 Lon·

316 3035 420 3098 geque
441 3014 540 3076 totius
562 3032 645 3090 essa,
660 3024 696 3076 nt
717 3011 854 3096 siquod
876 3011 1045 3078 distribuat
1065 3012 1272 3090 ministretur,

316 3136 415 3201 quam
428 3115 485 3178 illo
500 3123 654 3178 evacuato
665 3114 773 3176 omnia
783 3116 926 3178 membra
935 3115 1084 3178 esuriant.
1122 3115 1272 3178 Factum·

317 3238 381 3302 que
403 3227 454 3281 cst
481 3215 547 3279 ita:
577 3213 733 3279 suadente
756 3215 877 3279 ratione
905 3217 1057 3298 impletus
1082 3227 1131 3279 est
1154 3224 1273 3291 venter,

317 3319 493 3383 refocillata
505 3318 658 3395 membra,
670 3329 703 3381 ct
717 3338 782 3400 pax
796 3318 940 3382 omnium
956 3318 1131 3382 reformata.
1170 3318 1272 3380 Abso-

318 3423 406 3485 lutus
427 3432 477 3483 cst
505 3420 614 3502 itaque
645 3419 839 3496 stomachus,
865 3421 921 3503 qui
946 3422 1023 3484 licet
1047 3440 1145 3483 vorax
1168 3419 1219 3496 sit,
1241 3430 1274 3481 ct

319 3520 433 3587 avidos
448 3521 556 3597 alieni,
573 3543 638 3584 non
658 3522 720 3585 sibi
743 3533 849 3586 tamon
866 3523 959 3606 petit,
973 3522 1030 3586 sed
1051 3523 1132 3599 aliis,
1147 3542 1218 3606 qum
1233 3542 1273 3584 eo

320 3623 489 3688 exinanito
523 3635 688 3706 nequount
722 3627 901 3688 sustentari.
959 3626 1039 3688 Tale
1074 3633 1133 3700 est,
1160 3624 1275 3706 inquit,

287 3781 291 3788 .
320 3727 425 3803 frater,
447 3726 475 3789 si
501 3734 588 3788 recte
611 3726 770 3804 attendas,
791 3728 823 3789 in
845 3749 979 3811 corpore
1002 3725 1197 3811 reipublicae,
1219 3726 1274 3788 ubi

319 3828 396 3892 licet
407 3827 581 3910 plurimum
593 3840 723 3910 appetat
731 3829 944 3910 magistratus,
954 3850 1019 3892 non
1031 3839 1097 3891 tam
1108 3828 1169 3890 sibi
1178 3848 1274 3911 quam

322 3930 393 3993 aliis
414 3940 592 3992 coacervat.
637 3930 673 3993 Si
695 3931 779 3993 enim
801 3932 988 3995 exinanitus
1010 3931 1113 4008 suerit,
1126 3930 1208 3993 nihil
1229 3939 1277 3992 cst

323 4030 411 4115 quod
434 4029 586 4093 membris
612 4032 714 4095 valcat
739 4033 903 4115 impartiri.
950 4034 1034 4097 Nam
1059 4031 1216 4095 stomachi
1242 4031 1274 4092 in

324 4153 469 4216 corpore,
483 4143 517 4194 et
538 4131 693 4214 principis
715 4133 747 4195 iu
770 4135 937 4217 republica
958 4134 1042 4197 idem
1064 4131 1202 4195 officium
1218 4140 1277 4202 cst,

320 4234 417 4317 juxta
432 4231 512 4296 illud
528 4233 568 4304 Q.
586 4232 714 4297 Sereni:

430 4365 485 4427 Qui
498 4366 657 4418 stomachum
670 4385 757 4435 regem
770 4370 850 4419 totius
862 4367 974 4434 corporis
987 4381 1043 4413 esso
