3550 5467
284 738 358 785 car.
376 721 435 802 m]
647 730 901 782 nonrcnarrcns.
1201 723 1239 780 ll

285 891 430 965 mollitie,
458 901 490 955 et
513 890 651 955 virorum
681 891 804 954 animos
830 890 994 970 frangente
1019 886 1157 966 luxuria,
1182 898 1239 952 aut

283 994 412 1075 ignavia
425 993 614 1077 juventutis,
628 1002 660 1056 ct
680 991 795 1055 inertia
816 989 937 1054 ducum
958 990 1110 1074 temporis
1124 990 1235 1053 nostri.

285 1095 387 1171 Quem
404 1095 487 1158 enim
504 1096 657 1172 invenies,
672 1094 728 1178 qui
744 1103 872 1157 strenue
888 1093 1005 1156 docere
1021 1091 1133 1174 possit,
1149 1090 1236 1175 quod

285 1196 354 1279 ipse
370 1217 436 1258 uon
451 1193 583 1259 didicit?

390 1309 468 1362 Nunc
480 1312 591 1381 patimur
603 1310 690 1378 longas
702 1309 772 1381 pacis
783 1307 861 1372 mala,
873 1307 965 1360 servior
977 1307 1056 1359 armis

392 1396 509 1449 Luxuria
519 1397 645 1461 incubuit,
657 1397 803 1463 rictumque
814 1394 945 1448 ulciscitur
957 1394 1056 1446 orbem.

285 1499 446 1582 Antiquas
476 1508 509 1562 et
538 1499 706 1561 modernas
738 1499 865 1561 revolve
894 1497 1053 1575 historias,
1082 1504 1115 1561 et
1143 1498 1238 1581 plane

285 1600 440 1673 invenies,
467 1600 544 1682 quia
569 1599 739 1662 concussio
763 1599 969 1681 populorum,
994 1618 1152 1660 armorum
1172 1598 1240 1661 col·

285 1702 370 1777 lisio‚
395 1700 504 1762 clades
529 1699 707 1775 homiuum,
728 1710 759 1762 et
781 1699 879 1781 plaga
899 1697 1061 1773 terribilis,
1081 1699 1241 1761 luxuriam

287 1821 417 1884 semper
442 1811 497 1863 aut
523 1800 694 1864 comitatur
717 1810 772 1861 aut
793 1798 948 1882 sequitur.
992 1798 1044 1862 Ne
1067 1799 1163 1880 longe
1186 1820 1242 1882 pe-

287 1911 396 1964 tantur
418 1903 576 1984 exempla,
601 1899 788 1963 Niricolliui
811 1899 960 1962 Britones
981 1899 1115 1977 irruunt,
1130 1900 1241 1985 etjam

287 2000 484 2083 protendunt
499 2001 652 2064 terminos
667 2021 753 2078 suos,
765 2011 801 2064 et
815 2001 933 2082 egressi
949 2000 990 2063 de
1005 2000 1148 2064 cavernis
1163 2000 1240 2079 suis,

287 2101 484 2185 latebrisque
507 2103 668 2178 silvarum,
682 2101 778 2184 plana
800 2111 974 2183 occupant,
986 2100 1145 2164 nobilium
1166 2123 1240 2184 pro·

289 2221 396 2264 cerum
425 2201 608 2266 videntibus
637 2200 715 2284 ipsis
749 2201 951 2286 impugnant,
982 2210 1178 2283 expugnant,
1209 2210 1242 2264 et

289 2302 430 2382 diruunt,
456 2316 511 2368 ant
536 2305 600 2368 sibi
625 2303 764 2366 retinent
789 2303 992 2380 munitiones,
1015 2324 1055 2366 eo
1078 2302 1166 2387 quod
1187 2303 1240 2385 ju·

289 2417 399 2468 ventus
414 2417 522 2470 nostra

499 2516 672 2580 -Quae
684 2520 753 2568 tecto
765 2515 864 2583 gaudet
876 2520 905 2569 et
915 2516 1021 2578 umbris,

288 2629 365 2684 nata
380 2620 485 2702 snrges
497 2642 694 2699 consumere,
704 2622 738 2683 iu
751 2621 859 2684 lucem
875 2621 1048 2698 dormiens,
1058 2619 1243 2684 scortationi

290 2725 425 2787 honesta
443 2734 643 2806 postponens
665 2722 784 2800 officia,
799 2732 868 2786 tota
882 2721 935 2785 die
957 2722 1116 2784 insectans
1133 2722 1244 2805 volup·

289 2837 400 2904 tatem,
416 2827 583 2900 citharam,
598 2827 710 2909 lyram,
731 2836 765 2888 et
786 2834 985 2908 tympanum,
1006 2834 1038 2888 et
1059 2844 1171 2886 vocem
1194 2845 1243 2887 or-

291 2931 366 3011 gani
388 2931 422 2993 iu
446 2931 602 2995 conviviis
623 2931 726 3013 magis
751 2929 908 3009 agnoscit,
931 2948 1028 3012 quam
1053 2926 1167 2992 lituum
1189 2940 1245 2992 aut

292 3031 402 3092 tubam
425 3031 459 3092 in
482 3030 607 3093 castris.
651 3031 692 3092 lu
715 3050 779 3112 qua
801 3040 856 3092 aut
876 3050 943 3091 nou
965 3029 1034 3105 nit,
1053 3039 1109 3093 aut
1131 3031 1245 3094 erravit

292 3132 387 3196 ducis
411 3132 536 3205 electio,
550 3133 690 3194 cessavit
712 3139 767 3193 aut
787 3131 913 3210 languit
935 3129 1117 3212 disciplina.
1160 3132 1245 3194 Nam

292 3236 320 3297 si
337 3255 467 3297 manum
484 3253 648 3295 conserere
663 3241 818 3316 oporteat,
832 3231 866 3293 in
883 3241 1039 3294 armatura
1052 3232 1113 3294 levi
1134 3253 1245 3315 parum

290 3336 414 3399 habeut
431 3332 569 3409 fiduciae,
583 3345 615 3396 et
629 3333 661 3396 in
677 3332 764 3415 gravi
776 3332 943 3396 minimum
953 3334 1132 3398 alacritatis.
1169 3336 1243 3401 Hac

290 3438 401 3520 itaque
425 3446 597 3500 onerantur
619 3446 653 3499 ut
678 3436 802 3499 hostem
825 3435 917 3519 sequi
943 3456 1008 3499 non
1033 3437 1167 3520 possint,
1188 3439 1245 3505 illa

290 3539 525 3615 exanimantur,
551 3546 586 3601 ut
613 3559 688 3601 eum
718 3547 870 3622 tanquam
896 3536 938 3601 ad
964 3539 1080 3602 vulnus
1105 3541 1244 3624 expositi

288 3649 452 3723 nequeant
467 3635 632 3700 sustinere.
675 3637 925 3728 Depopulantur
939 3637 986 3703 illi
1001 3637 1083 3703 lines
1098 3652 1242 3707 nostros:

290 3741 368 3804 dum
384 3739 537 3824 juventus
559 3750 667 3803 nostra
688 3739 862 3817 instruitur,
883 3751 915 3804 et
936 3739 1013 3804 dum
1035 3742 1128 3806 nobis
1150 3745 1242 3810 miles

290 3850 440 3914 armatur,
463 3840 566 3903 hostis
588 3840 703 3920 evadit,
727 3851 770 3919 et,
786 3851 822 3904 ut
844 3840 911 3905 dici
934 3845 1027 3922 solet,
1049 3842 1126 3907 dum
1153 3848 1244 3913 cauis

291 3945 446 4019 mussitat,
470 3953 554 4005 tutas
578 3944 716 4006 latebras
741 3942 917 4027 ingreditur
941 3946 1047 4029 lupus.
1093 3949 1168 4012 Non
1194 3960 1246 4015 est

293 4045 348 4128 qui
365 4043 615 4128 comprehendat
633 4047 814 4120 abeuntem,
829 4056 884 4109 aut
903 4046 1090 4131 insequatur
1107 4049 1245 4128 hostem,

293 4167 331 4209 eo
347 4145 434 4231 quod
449 4145 622 4230 impeditus
637 4168 698 4211 nec
719 4147 849 4225 sufficit,
863 4168 924 4212 nec
946 4150 1073 4233 proficit
1092 4149 1246 4213 adversus

293 4247 491 4330 expeditum.
537 4248 597 4310 llle
624 4261 730 4312 tamen
756 4271 822 4312 non
853 4271 1024 4325 murorum,
1052 4251 1245 4312 fossarumve

293 4348 375 4431 petit
389 4346 548 4431 praesidia,
561 4348 617 4412 sed
633 4350 739 4413 locum
757 4349 812 4432 qui
829 4349 922 4411 militi
938 4370 1022 4426 meo,
1033 4350 1117 4411 sicut
1128 4358 1159 4409 ct
1174 4348 1247 4426 sibi,

341 4465 411 4511 von.
428 4463 473 4510 lv.
761 4466 781 4509 c
