3550 5467
415 764 492 808 car.
511 751 573 823 vn]
777 767 1028 812 eonrcuarrcus.
1316 760 1377 816 2⁶27

416 913 559 980 luxuriae
584 930 726 1002 proruat.
774 916 834 980 llla
854 916 1012 1002 siquidem
1034 920 1124 1003 quasi
1140 920 1281 982 omnium
1297 944 1374 1004 gen·

416 1016 499 1079 tium
511 1017 613 1082 bostis
625 1018 784 1081 teterrima
795 1035 828 1082 et
841 1018 1053 1099 acerbissima,
1062 1019 1193 1083 vitanda
1201 1035 1258 1085 est.
1293 1021 1371 1085 Dio·

413 1139 514 1200 genes
536 1133 689 1204 tyrannos
711 1137 743 1185 et
766 1121 968 1186 subversores
990 1123 1130 1198 urbium,
1156 1122 1300 1211 bellaque
1321 1124 1371 1190 vel

416 1217 613 1299 bostilia‚vel
623 1220 739 1301 civilia,
748 1245 809 1286 non
820 1244 879 1307 pro
889 1222 1023 1307 simplici
1034 1223 1119 1288 victu
1131 1224 1250 1288 olerum
1261 1247 1372 1310 pomo-

415 1341 564 1407 rumque,
580 1322 635 1387 sed
655 1345 715 1409 pro
729 1324 880 1388 carnibus
897 1338 929 1389 et
947 1324 1114 1410 epularum
1129 1325 1245 1391 delitiis
1260 1328 1371 1391 asserit

414 1422 561 1488 excitari.
620 1423 752 1490 Rectius
777 1425 907 1510 quidem
938 1425 1091 1490 bellorum
1120 1426 1369 1504 hostilium-rel

414 1523 558 1589 civilium
569 1542 701 1590 matrem
715 1540 746 1591 et
758 1527 899 1590 altricem
913 1527 1084 1603 luxuriam,
1095 1551 1169 1614 quae
1181 1552 1242 1592 non
1255 1530 1286 1593 in
1302 1528 1370 1593 sola

414 1624 496 1708 gula
511 1625 665 1712 placanda
678 1627 833 1705 consistit,
845 1629 1012 1714 posuisset,
1026 1629 1080 1692 sed
1093 1642 1196 1693 totum
1212 1628 1369 1695 intellexit

413 1726 450 1789 in
465 1740 568 1813 parte,
580 1728 657 1792 dum
672 1730 756 1794 illam
773 1751 847 1814 quae
858 1731 891 1793 in
903 1730 985 1806 cibo,
996 1744 1027 1794 et
1039 1745 1129 1815 potu,
1141 1744 1173 1794 et
1188 1734 1322 1806 Venere,
1338 1748 1368 1795 et

414 1827 507 1893 cultu
528 1830 695 1916 splendido
717 1846 853 1911 constat,
867 1831 908 1895 ad
930 1831 1016 1918 gulae
1036 1832 1171 1917 speciem
1187 1834 1368 1899 coarctavit.

415 1931 502 1993 Nam
517 1934 549 1995 in
572 1932 619 1996 bis
642 1934 803 2019 praecipue
825 1933 953 1997 luxuria
974 1932 1101 2014 eminet,
1116 1948 1148 1999 et
1164 1935 1369 2020 perniciosius

413 2047 518 2108 nocet,
528 2057 664 2119 quorum
677 2036 853 2115 meditatio,
860 2054 891 2098 et
900 2036 980 2121 juge
989 2035 1172 2100 exercitium
1184 2050 1242 2112 est,
1250 2049 1369 2123 utepu-

412 2132 520 2199 lentur
535 2137 679 2222 quotidie
695 2138 870 2223 splendide.
917 2138 998 2201 Haec
1019 2137 1101 2201 enirn
1126 2138 1368 2224 intemperantia

414 2235 514 2301 bonos
536 2261 639 2303 mores
657 2240 825 2316 subvertit,
841 2254 873 2304 et
889 2240 987 2304 totius
1007 2239 1144 2304 bominis
1167 2241 1262 2305 saluti
1283 2264 1365 2328 prae·

406 2340 545 2424 judicat,
558 2355 590 2406 et
605 2342 663 2406 nisi
675 2354 867 2421 coerceatur,
876 2362 1007 2427 prorsus
1022 2343 1153 2407 humani
1168 2342 1309 2429 corporis
1319 2343 1366 2406 fa-

412 2441 532 2506 bricam
546 2443 647 2508 solvit.
691 2449 811 2508 Auctor
821 2456 868 2507 est
880 2444 1104 2529 Hippocrates,
1112 2466 1215 2510 crassa
1226 2460 1258 2509 et
1270 2445 1365 2509 obesa

412 2566 545 2630 corpore
567 2567 668 2630 quum
692 2545 852 2609 crescendi
876 2545 1006 2608 modum
1030 2545 1246 2630 impleverint,
1261 2569 1364 2609 neces-

409 2647 527 2710 sariam
540 2669 608 2710 esse
623 2647 785 2731 sanguinis
797 2648 1025 2731 demptionem,
1036 2661 1072 2711 ut
1089 2647 1226 2711 habeant
1242 2647 1273 2709 in
1290 2670 1364 2732 quae

410 2770 524 2812 rursus
535 2771 673 2813 crescere
683 2750 813 2835 possint.
837 2748 987 2835 Alioquin
998 2747 1206 2834 plenitudinis
1216 2747 1362 2812 distentae

410 2848 541 2915 satietas
570 2850 602 2914 in
633 2850 804 2936 paralysin,
828 2866 859 2915 et
882 2852 1018 2937 pessima
1039 2871 1157 2934 genera
1180 2849 1363 2913 morborum

407 2953 559 3038 erumpit.
596 2954 797 3038 Impossibile
812 2965 859 3016 est
873 2955 999 3018 enimin
1017 2975 1080 3015 uno
1096 2963 1181 3015 statu
1193 2974 1361 3036 corporum

410 3072 596 3135 permanere
617 3066 773 3124 naturam,
798 3053 852 3116 sed
876 3066 967 3115 motu
993 3073 1210 3115 succrescere
1235 3051 1283 3114 vel
1310 3051 1363 3115 de-

408 3174 549 3216 crescere
563 3174 687 3216 necesse
701 3166 763 3217 est:
788 3168 820 3217 et
832 3154 894 3217 nisi
904 3151 1062 3215 crescendi
1075 3173 1174 3237 capax
1185 3151 1226 3214 sit
1235 3151 1361 3226 animal,

406 3253 538 3318 omnino
550 3253 719 3319 subsistere
730 3257 850 3340 nequit.
890 3255 1012 3317 Ferunt
1023 3266 1054 3317 et
1066 3252 1222 3317 Galenum
1240 3275 1363 3338 semper

406 3354 539 3419 decimae
559 3354 621 3417 diei
644 3353 878 3431 abstinentiam,
894 3353 964 3417 loco
984 3351 1208 3418 efficacissimae
1225 3370 1257 3418 et
1277 3359 1361 3419 salu·

407 3456 556 3521 berrimae
577 3452 771 3517 medicinalis
786 3476 863 3518 cura
878 3453 1049 3525 indixisse,
1075 3475 1130 3516 nec
1151 3452 1242 3517 facile
1261 3475 1361 3539 posse,

406 3547 467 3622 nisi
496 3554 703 3641 corruptioris
731 3569 855 3620 naturae
885 3555 994 3635 suerit,
1021 3554 1140 3620 morbis
1164 3553 1362 3638 gravioribus

405 3658 581 3743 subjacere,
601 3653 659 3741 qui
681 3654 804 3718 decima
820 3677 951 3740 quaque
973 3654 1026 3717 die
1048 3654 1090 3718 ab
1109 3654 1194 3718 omni
1214 3654 1285 3718 cibo
1307 3653 1361 3718 ab

406 3762 515 3837 stinet,
530 3772 588 3823 aut
604 3757 832 3843 simplicissima
847 3758 945 3822 diaeta
961 3756 1108 3841 transigit
1125 3757 1232 3821 vitam.
1279 3758 1359 3821 Sunt

404 3862 510 3926 adbuc
534 3861 589 3946 qui
612 3872 735 3925 sextam
758 3859 864 3922 leriam
888 3858 920 3922 in
938 3858 1061 3945 jejunio
1080 3861 1147 3922 sine
1166 3858 1239 3922 cibo
1261 3873 1361 3922 trans-

404 3966 507 4049 igant,
530 3961 580 4026 vel
602 3982 642 4024 eo
666 3974 799 4025 utantur
823 3960 969 4025 minimo:
994 3959 1081 4046 quod
1105 3960 1234 4046 quidem
1258 3973 1290 4023 et
1313 3979 1362 4022 rc-

405 4066 518 4148 ligioni
555 4077 588 4127 et
628 4061 851 4136 incolumitati,
892 4062 974 4125 sicut
1012 4059 1137 4146 experti
1175 4059 1362 4146 loquuntur,

406 4163 576 4231 certissime
606 4161 713 4227 servit.
760 4162 873 4226 Refert
905 4161 1078 4248 Pompeius
1112 4160 1243 4243 Trogus
1272 4156 1359 4241 quod

407 4270 591 4334 teterrimus
613 4265 730 4330 Sicilire
752 4281 908 4349 tyrannus
929 4262 1106 4346 Dionysius
1123 4260 1200 4323 dum
1221 4257 1305 4342 gulae
1328 4272 1362 4321 et

407 4370 558 4435 edacitati
567 4367 695 4433 deditus
704 4379 784 4443 erat,
794 4364 956 4429 oculorum
970 4362 1074 4427 lumen
1086 4359 1236 4422 amiserit.
1274 4357 1363 4421 Nihil

863 4473 921 4535 Η
