<?xml version="1.0" encoding="UTF-8"?>
<!DOCTYPE html PUBLIC "-//W3C//DTD XHTML 1.0 Transitional//EN"
    "http://www.w3.org/TR/xhtml1/DTD/xhtml1-transitional.dtd">
<html xmlns="http://www.w3.org/1999/xhtml" xml:lang="en" lang="en">
 <head>
  <title>
</title>
<meta http-equiv="Content-Type" content="text/html;charset=utf-8" />
  <meta name='ocr-system' content='tesseract 3.04.00' />
  <meta name='ocr-capabilities' content='ocr_page ocr_carea ocr_par ocr_line ocrx_word'/>
</head>
<body>
  <div class='ocr_page' id='page_1' title='image "./joannissaresber17johngoog_0233.png"; bbox 0 0 3550 5467; ppageno 0'>
   <div class='ocr_carea' id='block_1_1' title="bbox 409 733 1363 812">
    <p class='ocr_par' dir='ltr' id='par_1_1' title="bbox 409 733 1363 812">
     <span class='ocr_line' id='line_1_1' title="bbox 409 733 1363 812; baseline 0.005 -15"><span class='ocrx_word' id='word_1_1' title='bbox 409 753 479 799; x_wconf 80' lang='lat' dir='ltr'>cae.</span> <span class='ocrx_word' id='word_1_2' title='bbox 497 733 558 812; x_wconf 75' lang='lat' dir='ltr'>vu]</span> <span class='ocrx_word' id='word_1_3' title='bbox 761 751 1016 797; x_wconf 76' lang='lat' dir='ltr'>rourcnsrrcus.</span> <span class='ocrx_word' id='word_1_4' title='bbox 1301 744 1363 802; x_wconf 66' lang='lat'>228</span> 
     </span>
    </p>
   </div>
   <div class='ocr_carea' id='block_1_2' title="bbox 404 903 1388 4447">
    <p class='ocr_par' dir='ltr' id='par_1_2' title="bbox 404 903 1388 4447">
     <span class='ocr_line' id='line_1_2' title="bbox 409 903 1362 990; baseline 0.004 -22"><span class='ocrx_word' id='word_1_5' title='bbox 409 903 527 969; x_wconf 87' lang='lat' dir='ltr'>zardan</span> <span class='ocrx_word' id='word_1_6' title='bbox 541 923 717 989; x_wconf 88' lang='lat' dir='ltr'>coquorum</span> <span class='ocrx_word' id='word_1_7' title='bbox 735 903 877 989; x_wconf 85' lang='lat' dir='ltr'><strong>principe</strong></span> <span class='ocrx_word' id='word_1_8' title='bbox 893 904 1076 990; x_wconf 81' lang='lat' dir='ltr'><strong>imperante.</strong></span> <span class='ocrx_word' id='word_1_9' title='bbox 1122 908 1241 970; x_wconf 78' lang='lat' dir='ltr'><strong>Tactus</strong></span> <span class='ocrx_word' id='word_1_10' title='bbox 1255 920 1362 972; x_wconf 90' lang='lat' dir='ltr'>autem</span> 
     </span>
     <span class='ocr_line' id='line_1_3' title="bbox 407 1004 1362 1094; baseline 0.005 -26"><span class='ocrx_word' id='word_1_11' title='bbox 407 1005 583 1068; x_wconf 90' lang='lat' dir='ltr'>alienorum</span> <span class='ocrx_word' id='word_1_12' title='bbox 611 1027 790 1088; x_wconf 87' lang='lat' dir='ltr'>corporum,</span> <span class='ocrx_word' id='word_1_13' title='bbox 815 1020 845 1069; x_wconf 89' lang='lat' dir='ltr'>et</span> <span class='ocrx_word' id='word_1_14' title='bbox 873 1004 1059 1069; x_wconf 88' lang='lat' dir='ltr'>feminarum</span> <span class='ocrx_word' id='word_1_15' title='bbox 1083 1005 1245 1070; x_wconf 78' lang='lat' dir='ltr'><strong>ardentior</strong></span> <span class='ocrx_word' id='word_1_16' title='bbox 1265 1030 1362 1094; x_wconf 92' lang='lat' dir='ltr'>appe-</span> 
     </span>
     <span class='ocr_line' id='line_1_4' title="bbox 407 1106 1361 1194; baseline 0.005 -24"><span class='ocrx_word' id='word_1_17' title='bbox 407 1107 497 1182; x_wconf 91' lang='lat' dir='ltr'>titus,</span> <span class='ocrx_word' id='word_1_18' title='bbox 514 1106 639 1170; x_wconf 86' lang='lat' dir='ltr'>vicinus</span> <span class='ocrx_word' id='word_1_19' title='bbox 656 1107 786 1172; x_wconf 84' lang='lat' dir='ltr'>insaniae</span> <span class='ocrx_word' id='word_1_20' title='bbox 809 1120 866 1173; x_wconf 89' lang='lat' dir='ltr'>est.</span> <span class='ocrx_word' id='word_1_21' title='bbox 913 1106 1073 1191; x_wconf 87' lang='lat' dir='ltr'><strong>Quicquid</strong></span> <span class='ocrx_word' id='word_1_22' title='bbox 1097 1131 1206 1171; x_wconf 90' lang='lat' dir='ltr'>sensus</span> <span class='ocrx_word' id='word_1_23' title='bbox 1228 1109 1361 1194; x_wconf 83' lang='lat' dir='ltr'>quilibet</span> 
     </span>
     <span class='ocr_line' id='line_1_5' title="bbox 406 1207 1362 1294; baseline 0.007 -24"><span class='ocrx_word' id='word_1_24' title='bbox 406 1207 569 1286; x_wconf 90' lang='lat' dir='ltr'>moliatur,</span> <span class='ocrx_word' id='word_1_25' title='bbox 585 1207 681 1269; x_wconf 93' lang='lat' dir='ltr'>ludus</span> <span class='ocrx_word' id='word_1_26' title='bbox 703 1231 739 1270; x_wconf 86' lang='lat' dir='ltr'>ac</span> <span class='ocrx_word' id='word_1_27' title='bbox 756 1209 852 1293; x_wconf 87' lang='lat' dir='ltr'>jocus</span> <span class='ocrx_word' id='word_1_28' title='bbox 874 1221 933 1286; x_wconf 89' lang='lat' dir='ltr'>est,</span> <span class='ocrx_word' id='word_1_29' title='bbox 949 1229 1015 1292; x_wconf 89' lang='lat' dir='ltr'>prae</span> <span class='ocrx_word' id='word_1_30' title='bbox 1038 1208 1087 1270; x_wconf 91' lang='lat' dir='ltr'>his</span> <span class='ocrx_word' id='word_1_31' title='bbox 1110 1233 1183 1294; x_wconf 85' lang='lat' dir='ltr'>quae</span> <span class='ocrx_word' id='word_1_32' title='bbox 1205 1211 1308 1289; x_wconf 85' lang='lat' dir='ltr'>affert,</span> <span class='ocrx_word' id='word_1_33' title='bbox 1325 1226 1362 1277; x_wconf 93' lang='lat' dir='ltr'>ut</span> 
     </span>
     <span class='ocr_line' id='line_1_6' title="bbox 406 1308 1361 1399; baseline 0.006 -28"><span class='ocrx_word' id='word_1_34' title='bbox 406 1308 513 1373; x_wconf 86' lang='lat' dir='ltr'>verbis</span> <span class='ocrx_word' id='word_1_35' title='bbox 537 1309 658 1371; x_wconf 89' lang='lat' dir='ltr'>Comici</span> <span class='ocrx_word' id='word_1_36' title='bbox 683 1321 766 1385; x_wconf 89' lang='lat' dir='ltr'>utar,</span> <span class='ocrx_word' id='word_1_37' title='bbox 782 1309 878 1395; x_wconf 82' lang='lat' dir='ltr'>liujus</span> <span class='ocrx_word' id='word_1_38' title='bbox 900 1310 1012 1372; x_wconf 83' lang='lat' dir='ltr'>rabies.</span> <span class='ocrx_word' id='word_1_39' title='bbox 1059 1311 1145 1374; x_wconf 88' lang='lat' dir='ltr'>Hinc</span> <span class='ocrx_word' id='word_1_40' title='bbox 1167 1311 1248 1376; x_wconf 90' lang='lat' dir='ltr'>enim</span> <span class='ocrx_word' id='word_1_41' title='bbox 1272 1313 1361 1399; x_wconf 91' lang='lat' dir='ltr'>cupi·</span> 
     </span>
     <span class='ocr_line' id='line_1_7' title="bbox 405 1411 1361 1494; baseline 0.005 -21"><span class='ocrx_word' id='word_1_42' title='bbox 405 1432 487 1490; x_wconf 90' lang='lat' dir='ltr'>mus,</span> <span class='ocrx_word' id='word_1_43' title='bbox 502 1411 679 1491; x_wconf 83' lang='lat' dir='ltr'>irascimur,</span> <span class='ocrx_word' id='word_1_44' title='bbox 693 1411 860 1494; x_wconf 85' lang='lat' dir='ltr'>gestimus,</span> <span class='ocrx_word' id='word_1_45' title='bbox 876 1411 1077 1492; x_wconf 84' lang='lat' dir='ltr'>aemulumur,</span> <span class='ocrx_word' id='word_1_46' title='bbox 1092 1412 1217 1476; x_wconf 84' lang='lat' dir='ltr'>solliciti</span> <span class='ocrx_word' id='word_1_47' title='bbox 1239 1437 1361 1492; x_wconf 89' lang='lat' dir='ltr'>sumus,</span> 
     </span>
     <span class='ocr_line' id='line_1_8' title="bbox 405 1512 1388 1600; baseline 0.002 -25"><span class='ocrx_word' id='word_1_48' title='bbox 405 1525 437 1576; x_wconf 87' lang='lat' dir='ltr'>et</span> <span class='ocrx_word' id='word_1_49' title='bbox 470 1513 601 1597; x_wconf 88' lang='lat' dir='ltr'>expleta</span> <span class='ocrx_word' id='word_1_50' title='bbox 632 1512 807 1598; x_wconf 84' lang='lat' dir='ltr'>voluptate,</span> <span class='ocrx_word' id='word_1_51' title='bbox 837 1536 894 1600; x_wconf 91' lang='lat' dir='ltr'>per</span> <span class='ocrx_word' id='word_1_52' title='bbox 933 1513 1090 1599; x_wconf 89' lang='lat' dir='ltr'>quandam</span> <span class='ocrx_word' id='word_1_53' title='bbox 1130 1515 1388 1599; x_wconf 90' lang='lat' dir='ltr'>poenitudinem.</span> 
     </span>
     <span class='ocr_line' id='line_1_9' title="bbox 404 1615 1363 1703; baseline 0.004 -25"><span class='ocrx_word' id='word_1_54' title='bbox 404 1637 517 1680; x_wconf 88' lang='lat' dir='ltr'>rursus</span> <span class='ocrx_word' id='word_1_55' title='bbox 537 1615 752 1691; x_wconf 77' lang='lat' dir='ltr'>accendimur,</span> <span class='ocrx_word' id='word_1_56' title='bbox 767 1616 1008 1702; x_wconf 78' lang='lat' dir='ltr'>quaerimusque</span> <span class='ocrx_word' id='word_1_57' title='bbox 1028 1617 1142 1694; x_wconf 87' lang='lat' dir='ltr'>facere,</span> <span class='ocrx_word' id='word_1_58' title='bbox 1158 1616 1244 1702; x_wconf 93' lang='lat' dir='ltr'>quod</span> <span class='ocrx_word' id='word_1_59' title='bbox 1260 1641 1363 1703; x_wconf 88' lang='lat' dir='ltr'>quum</span> 
     </span>
     <span class='ocr_line' id='line_1_10' title="bbox 404 1708 1363 1806; baseline 0.004 -26"><span class='ocrx_word' id='word_1_60' title='bbox 404 1718 586 1794; x_wconf 85' lang='lat' dir='ltr'>fecerimus,</span> <span class='ocrx_word' id='word_1_61' title='bbox 601 1717 716 1781; x_wconf 86' lang='lat' dir='ltr'>iterum</span> <span class='ocrx_word' id='word_1_62' title='bbox 737 1708 958 1803; x_wconf 89' lang='lat' dir='ltr'>poeniteamus.</span> <span class='ocrx_word' id='word_1_63' title='bbox 1004 1721 1094 1803; x_wconf 87' lang='lat' dir='ltr'>Ergo</span> <span class='ocrx_word' id='word_1_64' title='bbox 1110 1743 1208 1804; x_wconf 90' lang='lat' dir='ltr'>quum</span> <span class='ocrx_word' id='word_1_65' title='bbox 1234 1743 1289 1806; x_wconf 85' lang='lat' dir='ltr'>per</span> <span class='ocrx_word' id='word_1_66' title='bbox 1305 1721 1363 1785; x_wconf 90' lang='lat' dir='ltr'>has</span> 
     </span>
     <span class='ocr_line' id='line_1_11' title="bbox 404 1818 1362 1905; baseline 0.003 -23"><span class='ocrx_word' id='word_1_67' title='bbox 404 1833 527 1905; x_wconf 90' lang='lat' dir='ltr'>portas,</span> <span class='ocrx_word' id='word_1_68' title='bbox 539 1818 630 1904; x_wconf 90' lang='lat' dir='ltr'>quasi</span> <span class='ocrx_word' id='word_1_69' title='bbox 646 1818 777 1904; x_wconf 85' lang='lat' dir='ltr'>quidum</span> <span class='ocrx_word' id='word_1_70' title='bbox 794 1820 885 1882; x_wconf 89' lang='lat' dir='ltr'>cunei</span> <span class='ocrx_word' id='word_1_71' title='bbox 905 1819 1190 1904; x_wconf 84' lang='lat' dir='ltr'>perturbationum,</span> <span class='ocrx_word' id='word_1_72' title='bbox 1202 1821 1243 1884; x_wconf 91' lang='lat' dir='ltr'>ad</span> <span class='ocrx_word' id='word_1_73' title='bbox 1258 1844 1362 1885; x_wconf 89' lang='lat' dir='ltr'>arcem</span> 
     </span>
     <span class='ocr_line' id='line_1_12' title="bbox 405 1919 1362 2009; baseline 0.004 -26"><span class='ocrx_word' id='word_1_74' title='bbox 405 1935 524 1984; x_wconf 85' lang='lat' dir='ltr'>nostrae</span> <span class='ocrx_word' id='word_1_75' title='bbox 540 1920 654 1985; x_wconf 86' lang='lat' dir='ltr'>mentis</span> <span class='ocrx_word' id='word_1_76' title='bbox 669 1919 868 1998; x_wconf 87' lang='lat' dir='ltr'>intraverint,</span> <span class='ocrx_word' id='word_1_77' title='bbox 882 1938 919 1984; x_wconf 85' lang='lat' dir='ltr'>ut</span> <span class='ocrx_word' id='word_1_78' title='bbox 934 1920 979 1984; x_wconf 94' lang='lat' dir='ltr'>ait</span> <span class='ocrx_word' id='word_1_79' title='bbox 995 1924 1117 1985; x_wconf 85' lang='lat' dir='ltr'>Beatus</span> <span class='ocrx_word' id='word_1_80' title='bbox 1133 1922 1362 2009; x_wconf 87' lang='lat' dir='ltr'>Hieronymus,</span> 
     </span>
     <span class='ocr_line' id='line_1_13' title="bbox 409 2020 1363 2111; baseline 0.003 -24"><span class='ocrx_word' id='word_1_81' title='bbox 409 2023 465 2088; x_wconf 90' lang='lat' dir='ltr'>ubi</span> <span class='ocrx_word' id='word_1_82' title='bbox 481 2024 542 2088; x_wconf 91' lang='lat' dir='ltr'>erit</span> <span class='ocrx_word' id='word_1_83' title='bbox 559 2023 703 2100; x_wconf 87' lang='lat' dir='ltr'>libertas,</span> <span class='ocrx_word' id='word_1_84' title='bbox 716 2024 772 2087; x_wconf 89' lang='lat' dir='ltr'>ubi</span> <span class='ocrx_word' id='word_1_85' title='bbox 789 2020 948 2087; x_wconf 88' lang='lat' dir='ltr'>fortitudo</span> <span class='ocrx_word' id='word_1_86' title='bbox 964 2024 1046 2109; x_wconf 88' lang='lat' dir='ltr'>ejus,</span> <span class='ocrx_word' id='word_1_87' title='bbox 1062 2024 1118 2088; x_wconf 94' lang='lat' dir='ltr'>ubi</span> <span class='ocrx_word' id='word_1_88' title='bbox 1134 2024 1174 2087; x_wconf 94' lang='lat' dir='ltr'>de</span> <span class='ocrx_word' id='word_1_89' title='bbox 1195 2029 1265 2089; x_wconf 91' lang='lat' dir='ltr'>Deo</span> <span class='ocrx_word' id='word_1_90' title='bbox 1280 2027 1363 2111; x_wconf 86' lang='lat' dir='ltr'>cogi-</span> 
     </span>
     <span class='ocr_line' id='line_1_14' title="bbox 407 2125 1362 2212; baseline 0.002 -23"><span class='ocrx_word' id='word_1_91' title='bbox 407 2126 500 2205; x_wconf 82' lang='lat' dir='ltr'>tatio,</span> <span class='ocrx_word' id='word_1_92' title='bbox 522 2128 660 2189; x_wconf 81' lang='lat' dir='ltr'>maxime</span> <span class='ocrx_word' id='word_1_93' title='bbox 680 2148 780 2211; x_wconf 92' lang='lat' dir='ltr'>quum</span> <span class='ocrx_word' id='word_1_94' title='bbox 803 2125 980 2189; x_wconf 85' lang='lat' dir='ltr'>recordatio</span> <span class='ocrx_word' id='word_1_95' title='bbox 1004 2139 1108 2190; x_wconf 90' lang='lat' dir='ltr'>tactus</span> <span class='ocrx_word' id='word_1_96' title='bbox 1129 2125 1280 2212; x_wconf 84' lang='lat' dir='ltr'>depingat</span> <span class='ocrx_word' id='word_1_97' title='bbox 1302 2128 1362 2192; x_wconf 91' lang='lat' dir='ltr'>sibi</span> 
     </span>
     <span class='ocr_line' id='line_1_15' title="bbox 406 2227 1388 2313; baseline 0.005 -23"><span class='ocrx_word' id='word_1_98' title='bbox 406 2230 502 2292; x_wconf 86' lang='lat' dir='ltr'>etiam</span> <span class='ocrx_word' id='word_1_99' title='bbox 527 2227 706 2312; x_wconf 77' lang='lat' dir='ltr'>praeteritas</span> <span class='ocrx_word' id='word_1_100' title='bbox 728 2228 920 2313; x_wconf 82' lang='lat' dir='ltr'>voluptates,</span> <span class='ocrx_word' id='word_1_101' title='bbox 936 2241 968 2291; x_wconf 92' lang='lat' dir='ltr'>et</span> <span class='ocrx_word' id='word_1_102' title='bbox 991 2231 1249 2296; x_wconf 83' lang='lat' dir='ltr'>rememoratione</span> <span class='ocrx_word' id='word_1_103' title='bbox 1270 2230 1388 2295; x_wconf 74' lang='lat' dir='ltr'>vitio·</span> 
     </span>
     <span class='ocr_line' id='line_1_16' title="bbox 406 2328 1362 2415; baseline 0.001 -22"><span class='ocrx_word' id='word_1_104' title='bbox 406 2351 477 2395; x_wconf 89' lang='lat' dir='ltr'>rum</span> <span class='ocrx_word' id='word_1_105' title='bbox 505 2342 600 2414; x_wconf 85' lang='lat' dir='ltr'>cogat</span> <span class='ocrx_word' id='word_1_106' title='bbox 626 2332 762 2394; x_wconf 87' lang='lat' dir='ltr'>animam</span> <span class='ocrx_word' id='word_1_107' title='bbox 789 2328 867 2415; x_wconf 91' lang='lat' dir='ltr'>pati,</span> <span class='ocrx_word' id='word_1_108' title='bbox 893 2344 925 2394; x_wconf 86' lang='lat' dir='ltr'>et</span> <span class='ocrx_word' id='word_1_109' title='bbox 954 2331 1191 2415; x_wconf 91' lang='lat' dir='ltr'>quodammodo</span> <span class='ocrx_word' id='word_1_110' title='bbox 1215 2355 1362 2397; x_wconf 82' lang='lat' dir='ltr'>exercere</span> 
     </span>
     <span class='ocr_line' id='line_1_17' title="bbox 406 2428 1362 2519; baseline 0.003 -25"><span class='ocrx_word' id='word_1_111' title='bbox 406 2431 495 2517; x_wconf 92' lang='lat' dir='ltr'>quod</span> <span class='ocrx_word' id='word_1_112' title='bbox 508 2454 570 2494; x_wconf 92' lang='lat' dir='ltr'>non</span> <span class='ocrx_word' id='word_1_113' title='bbox 582 2431 672 2515; x_wconf 89' lang='lat' dir='ltr'>agit?</span> <span class='ocrx_word' id='word_1_114' title='bbox 697 2432 795 2495; x_wconf 84' lang='lat' dir='ltr'>Forte</span> <span class='ocrx_word' id='word_1_115' title='bbox 807 2428 880 2494; x_wconf 90' lang='lat' dir='ltr'>hinc</span> <span class='ocrx_word' id='word_1_116' title='bbox 895 2444 956 2511; x_wconf 90' lang='lat' dir='ltr'>est,</span> <span class='ocrx_word' id='word_1_117' title='bbox 968 2431 1054 2516; x_wconf 93' lang='lat' dir='ltr'>quod</span> <span class='ocrx_word' id='word_1_118' title='bbox 1067 2455 1167 2518; x_wconf 92' lang='lat' dir='ltr'>quum</span> <span class='ocrx_word' id='word_1_119' title='bbox 1185 2433 1362 2519; x_wconf 89' lang='lat' dir='ltr'>Apostolus</span> 
     </span>
     <span class='ocr_line' id='line_1_18' title="bbox 408 2533 1361 2609; baseline 0.004 -15"><span class='ocrx_word' id='word_1_120' title='bbox 408 2534 495 2598; x_wconf 75' lang='lat' dir='ltr'>vitiis</span> <span class='ocrx_word' id='word_1_121' title='bbox 516 2533 665 2597; x_wconf 89' lang='lat' dir='ltr'>omnibus</span> <span class='ocrx_word' id='word_1_122' title='bbox 686 2533 843 2598; x_wconf 89' lang='lat' dir='ltr'>censuerit</span> <span class='ocrx_word' id='word_1_123' title='bbox 867 2533 1101 2609; x_wconf 89' lang='lat' dir='ltr'>reluctandum,</span> <span class='ocrx_word' id='word_1_124' title='bbox 1125 2535 1278 2599; x_wconf 83' lang='lat' dir='ltr'>adversus</span> <span class='ocrx_word' id='word_1_125' title='bbox 1299 2535 1361 2599; x_wconf 84' lang='lat' dir='ltr'>for-</span> 
     </span>
     <span class='ocr_line' id='line_1_19' title="bbox 407 2633 1362 2719; baseline 0.002 -22"><span class='ocrx_word' id='word_1_126' title='bbox 407 2635 597 2699; x_wconf 88' lang='lat' dir='ltr'>nicationem</span> <span class='ocrx_word' id='word_1_127' title='bbox 635 2657 698 2698; x_wconf 93' lang='lat' dir='ltr'>non</span> <span class='ocrx_word' id='word_1_128' title='bbox 729 2657 945 2719; x_wconf 85' lang='lat' dir='ltr'>congressum,</span> <span class='ocrx_word' id='word_1_129' title='bbox 975 2633 1030 2697; x_wconf 90' lang='lat' dir='ltr'>sed</span> <span class='ocrx_word' id='word_1_130' title='bbox 1060 2634 1172 2718; x_wconf 86' lang='lat' dir='ltr'>fugam</span> <span class='ocrx_word' id='word_1_131' title='bbox 1210 2635 1362 2712; x_wconf 90' lang='lat' dir='ltr'>indicens,</span> 
     </span>
     <span class='ocr_line' id='line_1_20' title="bbox 409 2736 1361 2822; baseline 0 -22"><span class='ocrx_word' id='word_1_132' title='bbox 409 2737 541 2822; x_wconf 81' lang='lat' dir='ltr'>Fugite,</span> <span class='ocrx_word' id='word_1_133' title='bbox 558 2737 676 2822; x_wconf 89' lang='lat' dir='ltr'>inquit,</span> <span class='ocrx_word' id='word_1_134' title='bbox 690 2737 942 2800; x_wconf 86' lang='lat' dir='ltr'>fornicationem.</span> <span class='ocrx_word' id='word_1_135' title='bbox 988 2739 1069 2800; x_wconf 87' lang='lat' dir='ltr'>Nam</span> <span class='ocrx_word' id='word_1_136' title='bbox 1094 2737 1162 2800; x_wconf 87' lang='lat' dir='ltr'>lraec</span> <span class='ocrx_word' id='word_1_137' title='bbox 1183 2736 1260 2812; x_wconf 88' lang='lat' dir='ltr'>fere,</span> <span class='ocrx_word' id='word_1_138' title='bbox 1284 2736 1361 2801; x_wconf 91' lang='lat' dir='ltr'>dum</span> 
     </span>
     <span class='ocr_line' id='line_1_21' title="bbox 406 2838 1362 2922; baseline 0 -20"><span class='ocrx_word' id='word_1_139' title='bbox 406 2852 584 2914; x_wconf 87' lang='lat' dir='ltr'>exercetur,</span> <span class='ocrx_word' id='word_1_140' title='bbox 601 2839 732 2903; x_wconf 88' lang='lat' dir='ltr'>Domini</span> <span class='ocrx_word' id='word_1_141' title='bbox 746 2839 911 2902; x_wconf 88' lang='lat' dir='ltr'>immemor</span> <span class='ocrx_word' id='word_1_142' title='bbox 927 2851 985 2913; x_wconf 90' lang='lat' dir='ltr'>est,</span> <span class='ocrx_word' id='word_1_143' title='bbox 997 2852 1028 2900; x_wconf 93' lang='lat' dir='ltr'>et</span> <span class='ocrx_word' id='word_1_144' title='bbox 1044 2841 1219 2922; x_wconf 83' lang='lat' dir='ltr'>praeterita,</span> <span class='ocrx_word' id='word_1_145' title='bbox 1231 2838 1309 2902; x_wconf 91' lang='lat' dir='ltr'>dum</span> <span class='ocrx_word' id='word_1_146' title='bbox 1321 2839 1362 2902; x_wconf 88' lang='lat' dir='ltr'>ad</span> 
     </span>
     <span class='ocr_line' id='line_1_22' title="bbox 407 2938 1362 3026; baseline -0.002 -20"><span class='ocrx_word' id='word_1_147' title='bbox 407 2942 592 3026; x_wconf 77' lang='lat' dir='ltr'>memorium</span> <span class='ocrx_word' id='word_1_148' title='bbox 622 2941 716 3023; x_wconf 90' lang='lat' dir='ltr'>redit,</span> <span class='ocrx_word' id='word_1_149' title='bbox 742 2941 909 3026; x_wconf 87' lang='lat' dir='ltr'>pestiferas</span> <span class='ocrx_word' id='word_1_150' title='bbox 934 2940 1052 3003; x_wconf 81' lang='lat' dir='ltr'>excitat</span> <span class='ocrx_word' id='word_1_151' title='bbox 1079 2938 1268 3025; x_wconf 86' lang='lat' dir='ltr'>voluptates.</span> <span class='ocrx_word' id='word_1_152' title='bbox 1315 2941 1362 3004; x_wconf 94' lang='lat' dir='ltr'>Ut</span> 
     </span>
     <span class='ocr_line' id='line_1_23' title="bbox 407 3041 1364 3129; baseline -0.001 -23"><span class='ocrx_word' id='word_1_153' title='bbox 407 3043 448 3106; x_wconf 91' lang='lat' dir='ltr'>de</span> <span class='ocrx_word' id='word_1_154' title='bbox 472 3044 597 3108; x_wconf 78' lang='lat' dir='ltr'>caeteris</span> <span class='ocrx_word' id='word_1_155' title='bbox 619 3056 751 3121; x_wconf 89' lang='lat' dir='ltr'>taceam,</span> <span class='ocrx_word' id='word_1_156' title='bbox 768 3066 850 3129; x_wconf 90' lang='lat' dir='ltr'>quos</span> <span class='ocrx_word' id='word_1_157' title='bbox 873 3041 1060 3127; x_wconf 79' lang='lat' dir='ltr'>simplicitas</span> <span class='ocrx_word' id='word_1_158' title='bbox 1082 3042 1147 3127; x_wconf 87' lang='lat' dir='ltr'>egit</span> <span class='ocrx_word' id='word_1_159' title='bbox 1171 3043 1203 3104; x_wconf 94' lang='lat' dir='ltr'>in</span> <span class='ocrx_word' id='word_1_160' title='bbox 1226 3041 1364 3127; x_wconf 88' lang='lat' dir='ltr'>culpam,</span> 
     </span>
     <span class='ocr_line' id='line_1_24' title="bbox 404 3143 1362 3232; baseline 0.001 -24"><span class='ocrx_word' id='word_1_161' title='bbox 404 3144 617 3232; x_wconf 89' lang='lat' dir='ltr'>philosophus</span> <span class='ocrx_word' id='word_1_162' title='bbox 627 3146 843 3219; x_wconf 84' lang='lat' dir='ltr'>acutissimus,</span> <span class='ocrx_word' id='word_1_163' title='bbox 855 3157 888 3207; x_wconf 89' lang='lat' dir='ltr'>et</span> <span class='ocrx_word' id='word_1_164' title='bbox 903 3143 1137 3207; x_wconf 87' lang='lat' dir='ltr'>literatissimus</span> <span class='ocrx_word' id='word_1_165' title='bbox 1150 3143 1362 3220; x_wconf 88' lang='lat' dir='ltr'>Christianus,</span> 
     </span>
     <span class='ocr_line' id='line_1_25' title="bbox 407 3244 1365 3331; baseline 0 -21"><span class='ocrx_word' id='word_1_166' title='bbox 407 3260 440 3310; x_wconf 87' lang='lat' dir='ltr'>et</span> <span class='ocrx_word' id='word_1_167' title='bbox 456 3247 705 3312; x_wconf 84' lang='lat' dir='ltr'>ferventissimus</span> <span class='ocrx_word' id='word_1_168' title='bbox 721 3248 752 3312; x_wconf 92' lang='lat' dir='ltr'>in</span> <span class='ocrx_word' id='word_1_169' title='bbox 776 3247 839 3311; x_wconf 89' lang='lat' dir='ltr'>fide</span> <span class='ocrx_word' id='word_1_170' title='bbox 855 3246 1023 3331; x_wconf 88' lang='lat' dir='ltr'>Origenes,</span> <span class='ocrx_word' id='word_1_171' title='bbox 1040 3246 1121 3310; x_wconf 90' lang='lat' dir='ltr'>sicut</span> <span class='ocrx_word' id='word_1_172' title='bbox 1143 3244 1365 3310; x_wconf 88' lang='lat' dir='ltr'>Ecclesiastica</span> 
     </span>
     <span class='ocr_line' id='line_1_26' title="bbox 407 3347 1364 3436; baseline -0.001 -24"><span class='ocrx_word' id='word_1_173' title='bbox 407 3349 504 3413; x_wconf 80' lang='lat' dir='ltr'>refert</span> <span class='ocrx_word' id='word_1_174' title='bbox 527 3348 669 3424; x_wconf 85' lang='lat' dir='ltr'>historia,</span> <span class='ocrx_word' id='word_1_175' title='bbox 686 3352 825 3436; x_wconf 87' lang='lat' dir='ltr'>seipsum</span> <span class='ocrx_word' id='word_1_176' title='bbox 848 3348 1012 3425; x_wconf 89' lang='lat' dir='ltr'>castravit,</span> <span class='ocrx_word' id='word_1_177' title='bbox 1035 3347 1274 3411; x_wconf 89' lang='lat' dir='ltr'>fornicationem</span> <span class='ocrx_word' id='word_1_178' title='bbox 1299 3347 1364 3411; x_wconf 84' lang='lat' dir='ltr'>effi-</span> 
     </span>
     <span class='ocr_line' id='line_1_27' title="bbox 405 3449 1363 3536; baseline 0.001 -22"><span class='ocrx_word' id='word_1_179' title='bbox 405 3450 565 3516; x_wconf 90' lang='lat' dir='ltr'>cacissime</span> <span class='ocrx_word' id='word_1_180' title='bbox 588 3450 725 3535; x_wconf 86' lang='lat' dir='ltr'>fugiens,</span> <span class='ocrx_word' id='word_1_181' title='bbox 746 3452 811 3516; x_wconf 91' lang='lat' dir='ltr'>imo</span> <span class='ocrx_word' id='word_1_182' title='bbox 834 3465 865 3517; x_wconf 89' lang='lat' dir='ltr'>et</span> <span class='ocrx_word' id='word_1_183' title='bbox 888 3474 1027 3528; x_wconf 91' lang='lat' dir='ltr'>omnem,</span> <span class='ocrx_word' id='word_1_184' title='bbox 1051 3472 1125 3536; x_wconf 86' lang='lat' dir='ltr'>quae</span> <span class='ocrx_word' id='word_1_185' title='bbox 1147 3449 1225 3536; x_wconf 85' lang='lat' dir='ltr'>fingi</span> <span class='ocrx_word' id='word_1_186' title='bbox 1248 3464 1363 3535; x_wconf 91' lang='lat' dir='ltr'>posset,</span> 
     </span>
     <span class='ocr_line' id='line_1_28' title="bbox 404 3552 1362 3640; baseline 0.002 -24"><span class='ocrx_word' id='word_1_187' title='bbox 404 3573 587 3640; x_wconf 71' lang='lat' dir='ltr'>praecavens</span> <span class='ocrx_word' id='word_1_188' title='bbox 602 3555 827 3639; x_wconf 88' lang='lat' dir='ltr'>suspicionem,</span> <span class='ocrx_word' id='word_1_189' title='bbox 843 3569 880 3618; x_wconf 93' lang='lat' dir='ltr'>ut</span> <span class='ocrx_word' id='word_1_190' title='bbox 897 3553 1013 3617; x_wconf 86' lang='lat' dir='ltr'>exinde</span> <span class='ocrx_word' id='word_1_191' title='bbox 1029 3554 1095 3617; x_wconf 90' lang='lat' dir='ltr'>sine</span> <span class='ocrx_word' id='word_1_192' title='bbox 1113 3566 1188 3617; x_wconf 86' lang='lat' dir='ltr'>nota</span> <span class='ocrx_word' id='word_1_193' title='bbox 1210 3576 1283 3618; x_wconf 88' lang='lat' dir='ltr'>curn</span> <span class='ocrx_word' id='word_1_194' title='bbox 1299 3552 1362 3618; x_wconf 89' lang='lat' dir='ltr'>vir-</span> 
     </span>
     <span class='ocr_line' id='line_1_29' title="bbox 406 3653 1363 3738; baseline 0.003 -20"><span class='ocrx_word' id='word_1_195' title='bbox 406 3654 534 3738; x_wconf 74' lang='lat' dir='ltr'>ginibus</span> <span class='ocrx_word' id='word_1_196' title='bbox 561 3653 729 3720; x_wconf 88' lang='lat' dir='ltr'>habitaret.</span> <span class='ocrx_word' id='word_1_197' title='bbox 776 3655 869 3734; x_wconf 83' lang='lat' dir='ltr'>Quod</span> <span class='ocrx_word' id='word_1_198' title='bbox 896 3669 1003 3721; x_wconf 88' lang='lat' dir='ltr'>autem</span> <span class='ocrx_word' id='word_1_199' title='bbox 1031 3654 1206 3721; x_wconf 88' lang='lat' dir='ltr'>mirabilius</span> <span class='ocrx_word' id='word_1_200' title='bbox 1232 3670 1291 3731; x_wconf 88' lang='lat' dir='ltr'>est,</span> <span class='ocrx_word' id='word_1_201' title='bbox 1319 3655 1363 3721; x_wconf 91' lang='lat' dir='ltr'>le-</span> 
     </span>
     <span class='ocr_line' id='line_1_30' title="bbox 406 3757 1363 3843; baseline 0.002 -23"><span class='ocrx_word' id='word_1_202' title='bbox 406 3769 531 3841; x_wconf 90' lang='lat' dir='ltr'>guntur</span> <span class='ocrx_word' id='word_1_203' title='bbox 560 3758 690 3843; x_wconf 91' lang='lat' dir='ltr'>quidam</span> <span class='ocrx_word' id='word_1_204' title='bbox 731 3757 998 3843; x_wconf 87' lang='lat' dir='ltr'>Philosophorum</span> <span class='ocrx_word' id='word_1_205' title='bbox 1034 3757 1093 3822; x_wconf 92' lang='lat' dir='ltr'>sibi</span> <span class='ocrx_word' id='word_1_206' title='bbox 1128 3758 1224 3822; x_wconf 90' lang='lat' dir='ltr'>etiam</span> <span class='ocrx_word' id='word_1_207' title='bbox 1253 3760 1363 3823; x_wconf 90' lang='lat' dir='ltr'>oculos</span> 
     </span>
     <span class='ocr_line' id='line_1_31' title="bbox 404 3856 1363 3945; baseline 0.002 -25"><span class='ocrx_word' id='word_1_208' title='bbox 404 3857 562 3938; x_wconf 84' lang='lat' dir='ltr'>effodisse,</span> <span class='ocrx_word' id='word_1_209' title='bbox 574 3880 613 3922; x_wconf 91' lang='lat' dir='ltr'>ne</span> <span class='ocrx_word' id='word_1_210' title='bbox 624 3858 818 3922; x_wconf 81' lang='lat' dir='ltr'>exteriorum</span> <span class='ocrx_word' id='word_1_211' title='bbox 831 3856 987 3923; x_wconf 90' lang='lat' dir='ltr'>illecebris</span> <span class='ocrx_word' id='word_1_212' title='bbox 1001 3872 1200 3944; x_wconf 88' lang='lat' dir='ltr'>caperentur.</span> <span class='ocrx_word' id='word_1_213' title='bbox 1239 3858 1363 3945; x_wconf 87' lang='lat' dir='ltr'>Utique</span> 
     </span>
     <span class='ocr_line' id='line_1_32' title="bbox 404 3957 1363 4034; baseline -0.003 -12"><span class='ocrx_word' id='word_1_214' title='bbox 404 3957 594 4022; x_wconf 87' lang='lat' dir='ltr'>admirando</span> <span class='ocrx_word' id='word_1_215' title='bbox 615 3959 742 4023; x_wconf 88' lang='lat' dir='ltr'>boniet</span> <span class='ocrx_word' id='word_1_216' title='bbox 766 3959 888 4024; x_wconf 90' lang='lat' dir='ltr'>bonesti</span> <span class='ocrx_word' id='word_1_217' title='bbox 913 3960 1078 4024; x_wconf 86' lang='lat' dir='ltr'>fervebant</span> <span class='ocrx_word' id='word_1_218' title='bbox 1106 3957 1185 4034; x_wconf 88' lang='lat' dir='ltr'>zelo,</span> <span class='ocrx_word' id='word_1_219' title='bbox 1201 3962 1261 4023; x_wconf 85' lang='lat' dir='ltr'>etsi</span> <span class='ocrx_word' id='word_1_220' title='bbox 1284 3957 1363 4020; x_wconf 88' lang='lat' dir='ltr'>recti</span> 
     </span>
     <span class='ocr_line' id='line_1_33' title="bbox 405 4057 1363 4139; baseline -0.007 -17"><span class='ocrx_word' id='word_1_221' title='bbox 405 4058 568 4125; x_wconf 88' lang='lat' dir='ltr'>scientiam</span> <span class='ocrx_word' id='word_1_222' title='bbox 585 4081 646 4123; x_wconf 93' lang='lat' dir='ltr'>non</span> <span class='ocrx_word' id='word_1_223' title='bbox 664 4058 826 4124; x_wconf 89' lang='lat' dir='ltr'>haberent.</span> <span class='ocrx_word' id='word_1_224' title='bbox 866 4061 988 4124; x_wconf 91' lang='lat' dir='ltr'>Scitum</span> <span class='ocrx_word' id='word_1_225' title='bbox 1005 4072 1064 4134; x_wconf 90' lang='lat' dir='ltr'>est,</span> <span class='ocrx_word' id='word_1_226' title='bbox 1079 4072 1112 4122; x_wconf 90' lang='lat' dir='ltr'>et</span> <span class='ocrx_word' id='word_1_227' title='bbox 1129 4058 1209 4122; x_wconf 87' lang='lat' dir='ltr'>scitu</span> <span class='ocrx_word' id='word_1_228' title='bbox 1226 4057 1363 4139; x_wconf 84' lang='lat' dir='ltr'>dignum</span> 
     </span>
     <span class='ocr_line' id='line_1_34' title="bbox 409 4154 1363 4246; baseline -0.006 -23"><span class='ocrx_word' id='word_1_229' title='bbox 409 4160 595 4226; x_wconf 83' lang='lat' dir='ltr'>Aristotelis</span> <span class='ocrx_word' id='word_1_230' title='bbox 621 4160 756 4237; x_wconf 86' lang='lat' dir='ltr'>dictum,</span> <span class='ocrx_word' id='word_1_231' title='bbox 778 4184 843 4246; x_wconf 95' lang='lat' dir='ltr'>quo</span> <span class='ocrx_word' id='word_1_232' title='bbox 866 4160 1067 4246; x_wconf 91' lang='lat' dir='ltr'>voluptatum</span> <span class='ocrx_word' id='word_1_233' title='bbox 1094 4158 1186 4222; x_wconf 87' lang='lat' dir='ltr'>initia</span> <span class='ocrx_word' id='word_1_234' title='bbox 1210 4154 1363 4218; x_wconf 91' lang='lat' dir='ltr'>oblivioni</span> 
     </span>
     <span class='ocr_line' id='line_1_35' title="bbox 407 4254 1363 4337; baseline -0.012 -13"><span class='ocrx_word' id='word_1_235' title='bbox 407 4261 589 4327; x_wconf 84' lang='lat' dir='ltr'>mandanda</span> <span class='ocrx_word' id='word_1_236' title='bbox 599 4264 744 4337; x_wconf 88' lang='lat' dir='ltr'>asseruit,</span> <span class='ocrx_word' id='word_1_237' title='bbox 754 4275 786 4325; x_wconf 90' lang='lat' dir='ltr'>et</span> <span class='ocrx_word' id='word_1_238' title='bbox 798 4260 880 4324; x_wconf 88' lang='lat' dir='ltr'>solos</span> <span class='ocrx_word' id='word_1_239' title='bbox 891 4261 996 4324; x_wconf 87' lang='lat' dir='ltr'>exitus</span> <span class='ocrx_word' id='word_1_240' title='bbox 1006 4255 1225 4322; x_wconf 89' lang='lat' dir='ltr'>recordandos.</span> <span class='ocrx_word' id='word_1_241' title='bbox 1251 4254 1363 4316; x_wconf 83' lang='lat' dir='ltr'>Fessus</span> 
     </span>
     <span class='ocr_line' id='line_1_36' title="bbox 407 4353 1364 4447; baseline -0.009 -25"><span class='ocrx_word' id='word_1_242' title='bbox 407 4361 501 4439; x_wconf 89' lang='lat' dir='ltr'>enim,</span> <span class='ocrx_word' id='word_1_243' title='bbox 519 4359 782 4447; x_wconf 75' lang='lat' dir='ltr'>poenitentiaque</span> <span class='ocrx_word' id='word_1_244' title='bbox 804 4359 925 4445; x_wconf 91' lang='lat' dir='ltr'>plenas,</span> <span class='ocrx_word' id='word_1_245' title='bbox 945 4380 1011 4443; x_wconf 92' lang='lat' dir='ltr'>quo</span> <span class='ocrx_word' id='word_1_246' title='bbox 1034 4356 1139 4420; x_wconf 90' lang='lat' dir='ltr'>minus</span> <span class='ocrx_word' id='word_1_247' title='bbox 1161 4353 1253 4416; x_wconf 90' lang='lat' dir='ltr'>avide</span> <span class='ocrx_word' id='word_1_248' title='bbox 1275 4371 1364 4434; x_wconf 91' lang='lat' dir='ltr'>repe·</span> 
     </span>
    </p>
   </div>
   <div class='ocr_carea' id='block_1_3' title="bbox 0 0 1780 5467">
    <p class='ocr_par' dir='ltr' id='par_1_3' title="bbox 0 0 1780 5467">
     <span class='ocr_line' id='line_1_37' title="bbox 0 0 1780 5467; baseline 0 0"><span class='ocrx_word' id='word_1_249' title='bbox 0 0 1780 5467; x_wconf 95' lang='lat' dir='ltr'> </span> 
     </span>
    </p>
   </div>
  </div>
 </body>
</html>
