3550 5467
406 734 470 791 362
643 742 781 786 Josltrtls
795 739 1083 785 ssussuunuassrs
1195 723 1278 803 [sis.
1293 745 1354 789 vui.

511 890 584 953 Quid
594 906 691 943 vesane
702 890 785 956 gemis
796 892 806 941 l
824 889 886 956 quid
899 889 978 942 fletus
990 888 1082 942 lirndis
1095 891 1212 943 inanest

512 975 571 1028 Nec
582 981 608 1027 te
620 980 711 1045 sponte
724 981 771 1026 tua
781 973 874 1027 sceleri
885 992 977 1044 parere
989 974 1083 1027 fateris
1094 979 1105 1026 t

511 1060 602 1128 Usque
612 1060 712 1112 adeone
724 1062 812 1122 times,
825 1077 902 1128 quem
914 1070 942 1111 tu
952 1058 1019 1111 sacis
1029 1061 1090 1131 ipse
1103 1061 1270 1113 timendum?

511 1144 629 1197 Classica
640 1145 687 1198 det
697 1144 781 1207 bello;
800 1145 870 1197 diros
881 1153 910 1198 tu
921 1145 1030 1213 neglige
1043 1153 1157 1198 cantus:

512 1229 595 1297 Signa
606 1229 690 1292 serat3
709 1248 799 1282 cessa:
814 1232 936 1303 jamjam
948 1231 1034 1283 civilis
1049 1232 1165 1299 Erynnis

511 1315 649 1381 Concidet,
661 1323 689 1369 et
701 1316 794 1369 Oaesar
805 1334 931 1384 generum
943 1318 1061 1389 privabas
1073 1318 1186 1369 amabit.

410 1419 462 1482 Sic
476 1417 531 1495 sic,
547 1419 573 1481 si
594 1417 724 1483 ecclesia
740 1418 800 1482 Dei
816 1417 960 1501 erigatur
974 1417 1007 1480 in
1024 1418 1159 1504 spiritus
1175 1418 1353 1483 libertatem.

410 1520 446 1584 si
466 1519 676 1583 ministerium
699 1519 825 1582 sceleris
846 1518 953 1581 subire
976 1517 1147 1595 detrectet,
1169 1534 1228 1584 aut
1242 1521 1358 1583 omnino

411 1620 581 1684 schismata
602 1620 778 1706 sopientur,
796 1633 852 1683 aut
879 1633 1028 1683 manente
1045 1642 1203 1705 compage
1226 1621 1357 1695 unitatis,

412 1720 470 1785 soli
482 1722 564 1786 inter
573 1744 606 1784 se
617 1720 804 1785 schismatici
817 1719 1026 1785 dimicabunt.
1062 1718 1199 1784 Interim
1212 1726 1361 1785 contineat

412 1821 542 1886 ecclesia
556 1844 669 1885 manus
684 1844 768 1901 suas,
785 1824 937 1906 quoniam
959 1820 1091 1904 gladius
1113 1822 1215 1901 Petri,
1231 1826 1286 1908 qui
1300 1844 1363 1884 san·

413 1923 541 2009 guinem
565 1922 683 1988 carnali
707 1922 833 1987 sitiebat
855 1922 984 1999 affectu,
1000 1921 1154 1986 mandato
1178 1922 1306 1987 Domini
1327 1922 1363 1987 ad

414 2048 554 2110 praesens
573 2029 694 2111 tegitur
715 2026 747 2088 in
773 2024 898 2109 vagina,
914 2037 946 2086 et
970 2022 1123 2109 discipuli
1144 2024 1302 2088 eradicare
1324 2024 1364 2088 zi·

415 2126 507 2188 zania
521 2139 740 2210 properantes,
755 2125 989 2210 praecipiuntur
1003 2145 1160 2189 messores
1174 2124 1303 2209 angelos
1316 2147 1364 2187 ex·

414 2239 551 2310 pectere.
596 2229 675 2290 Oret
701 2226 834 2289 unitatis
858 2225 1039 2310 integritas,
1066 2239 1103 2289 ut
1129 2226 1162 2288 in
1189 2249 1222 2290 se
1244 2226 1364 2310 colligat

414 2323 601 2389 dissidentes
630 2324 712 2409 lapis
737 2326 866 2400 incisus,
889 2327 922 2389 in
951 2350 1017 2411 quo
1043 2326 1203 2391 fundatur
1231 2327 1364 2403 ecclesia,

414 2447 507 2511 quem
524 2424 713 2489 schismatici
736 2425 920 2509 reprobant,
935 2429 991 2510 qui
1006 2425 1083 2490 fecit
1099 2443 1237 2513 utraque
1261 2451 1364 2507 unum,

415 2539 447 2590 et
470 2537 589 2591 vestem
612 2547 701 2588 suam
724 2525 757 2588 in
773 2538 889 2588 sortem
912 2524 1057 2588 fidelium
1081 2525 1237 2611 integram
1259 2528 1365 2591 cedere

416 2627 541 2702 maluit,
557 2650 654 2713 quam
670 2628 778 2691 secari.
824 2627 913 2705 Oret,
928 2628 1072 2712 inquam,
1085 2651 1125 2692 ne
1140 2630 1266 2694 deficiat
1280 2631 1364 2702 fides,

417 2739 449 2792 et
471 2740 624 2811 expetens
650 2726 682 2788 in
705 2726 808 2790 cribro
835 2727 992 2792 sathanas
1014 2749 1078 2790 non
1101 2728 1277 2815 disperdat,
1298 2753 1365 2793 con-

417 2829 518 2893 culcet
540 2840 572 2890 et
595 2827 746 2891 triticum.
793 2828 871 2891 Oret
895 2849 1016 2913 pacem,
1043 2844 1169 2915 quaerat
1196 2854 1314 2916 pacem,
1335 2844 1364 2893 et

416 2941 626 3014 persequatur
647 2927 742 2990 etiam
764 2927 948 3011 fugientem.
994 2930 1181 3000 Meminerit
1208 2933 1287 3016 ejus,
1313 2931 1366 3015 qui

419 3050 519 3113 quum
536 3040 641 3112 posset
658 3027 834 3112 producere
848 3027 921 3112 plus
936 3051 1030 3112 quam
1048 3030 1220 3095 duodecim
1236 3031 1368 3116 legiones

417 3127 613 3212 angelorum,
624 3131 782 3191 exaltatus
797 3128 828 3191 in
841 3151 963 3193 crucem
974 3129 1272 3215 omniaacquisivit.
1298 3132 1370 3216 lpsa

417 3227 500 3291 enim
525 3228 699 3292 exinanitio
718 3228 798 3293 adeo
818 3229 932 3293 meruit
952 3229 1100 3310 exaltari,
1125 3246 1162 3296 ut
1182 3232 1226 3296 ad
1241 3231 1369 3316 gloriam

416 3330 487 3413 ejus
515 3328 663 3393 [lectatur
691 3352 784 3392 omne
813 3353 909 3416 genu.
966 3331 1196 3396 schismaticos
1228 3345 1372 3396 nocentes

416 3432 588 3516 accipiunt,
611 3431 667 3495 sed
689 3436 920 3497 consentientes
936 3434 1055 3519 justos,
1078 3448 1231 3498 nocentes
1253 3433 1372 3497 faciunt

416 3532 499 3595 bella
528 3532 743 3597 sacerdotalia.
795 3533 966 3607 Quiescant
995 3556 1073 3618 ergo
1096 3547 1220 3598 stantes
1242 3558 1262 3598 a
1284 3535 1374 3618 longe

415 3653 487 3693 cum
504 3635 608 3708 Petro,
623 3648 659 3697 ut
670 3634 798 3699 videant
809 3636 918 3701 sinem.
934 3635 1090 3700 Recolsnt
1098 3635 1181 3700 illud
1194 3637 1372 3702 ethnicum:

592 3749 692 3799 ——Si
705 3750 829 3802 coelicolis
841 3751 911 3804 furor
923 3770 995 3803 mma
1006 3751 1134 3814 dedisset,

522 3831 578 3882 Aut
590 3832 613 3882 si
624 3833 762 3899 terrigenae
774 3840 907 3888 tentarent
918 3842 989 3889 astra
1000 3836 1140 3903 Gigantes,

521 3914 583 3967 Non
594 3921 683 3969 tamen
693 3916 802 3969 auderet
815 3920 899 3988 pietas
910 3921 1033 3983 humana,
1046 3917 1088 3971 vel
1100 3923 1191 3985 armis,

524 4001 576 4054 Vel
587 4004 654 4056 votis
666 4002 786 4073 prodesse
799 4004 816 4054 J
818 4007 868 4058 ovi.

418 4115 491 4175 Hoc
501 4111 636 4197 quidem
654 4111 781 4176 videtur
797 4136 863 4178 esse
875 4114 1066 4179 servandum
1082 4114 1117 4177 in
1133 4114 1205 4179 his:
1233 4117 1289 4181 ubi
1305 4117 1376 4203 quis

411 4213 533 4296 justius
554 4213 660 4277 induit
682 4235 781 4289 arma,
799 4215 878 4277 scire
902 4215 1000 4278 nefas.
1046 4217 1132 4279 Nam
1152 4217 1177 4279 si
1196 4217 1376 4292 hacreticus,

416 4311 674 4377 schismaticusve
688 4315 879 4379 catholicum
892 4316 1074 4400 impugnat,
1084 4319 1236 4380 assistere
1250 4317 1373 4381 veritati

415 4411 505 4492 pium
521 4427 580 4489 cst,
596 4430 628 4478 et
652 4419 798 4481 Rcmmo
814 4415 961 4481 Pontifici
985 4415 1193 4481 devotissime
1216 4417 1374 4485 famulari.
