3550 5467
403 755 475 799 cre.
492 735 543 815 ic]
765 751 1021 798 eanrcaamcus.
1304 743 1366 802 253

405 926 485 990 argo
512 906 546 968 in
574 906 722 990 praesenti
747 903 887 989 capitulo
912 926 975 968 non
1001 916 1065 968 tam
1092 906 1243 989 vestigiis,
1268 928 1363 992 quam

405 1007 555 1094 passibus
576 1005 776 1070 decrevimus
796 1006 928 1086 imitari,
941 1018 972 1070 et
996 1031 1036 1072 ex
1059 1007 1222 1094 opulentia
1236 1031 1365 1096 promp-

407 1110 504 1176 tuarii
521 1109 585 1186 sui,
601 1107 725 1173 cellulae
745 1121 862 1173 nostrae
877 1110 1026 1196 supplere
1048 1109 1220 1193 angustias.
1260 1112 1367 1197 Siqui-

405 1212 478 1276 dem
495 1212 686 1297 conspicuus
700 1225 747 1274 est
768 1212 800 1274 in
817 1212 990 1287 sententiis,
1006 1213 1038 1275 in
1056 1212 1160 1275 verbis
1175 1211 1318 1288 floridus,
1334 1231 1366 1277 et

408 1328 499 1380 tanta
521 1336 644 1377 morum
664 1325 828 1377 venustate
849 1313 1044 1389 redundans,
1061 1327 1097 1378 ut
1119 1315 1151 1377 in
1168 1314 1367 1380 institutione

407 1415 548 1480 convivii
563 1428 596 1480 et
620 1415 863 1501 dispensatione,
881 1417 1073 1480 Socraticam
1095 1415 1240 1481 videatur
1262 1416 1367 1483 dulce-

408 1519 517 1584 dinem
534 1519 712 1604 propinare.
750 1516 809 1580 Ait
825 1540 920 1602 ergo:
947 1520 1019 1582 Scio
1035 1516 1279 1604 philosophiam,
1292 1542 1366 1605 quae

409 1644 517 1686 rerum
534 1620 674 1683 omnium
696 1620 892 1684 moderatrix
908 1633 967 1692 est,
985 1621 1045 1685 hnc
1066 1620 1205 1706 primum
1221 1621 1368 1685 observa-

409 1736 528 1795 turam,
546 1737 582 1787 ut
605 1743 709 1787 secum
731 1722 868 1786 aestimet
888 1722 1092 1808 praesentium
1113 1723 1240 1808 ingenia
1261 1726 1367 1788 convi-

410 1846 535 1904 varum,
551 1837 583 1888 et
599 1823 624 1888 si
641 1822 749 1908 plures
765 1823 895 1909 peritos,
911 1823 960 1887 vel
976 1823 1085 1887 saltem
1102 1836 1257 1887 amatores
1272 1827 1321 1889 sui
1334 1829 1366 1890 in

411 1926 552 1989 convivii
573 1924 722 1989 societate
741 1926 905 2010 repererit,
921 1947 1094 1989 sermonem
1118 1924 1158 1989 de
1174 1948 1206 1988 sc
1227 1928 1368 2013 patietur

410 2027 539 2112 agitari.
571 2026 655 2104 Quia
668 2024 752 2088 velut
765 2048 878 2111 paucae
888 2025 987 2089 literoe
1000 2037 1109 2101 muta,
1122 2025 1274 2111 dispersas
1286 2029 1368 2092 inter

412 2127 532 2192 multas
547 2127 680 2201 vocales,
691 2129 724 2192 in
736 2127 916 2191 societatem
931 2127 1015 2190 vocis
1026 2127 1121 2191 facile
1133 2143 1367 2211 mansuescunt,

376 2281 378 2287 .
410 2231 458 2295 ita
480 2230 616 2294 rariores
636 2229 788 2313 imperiti,
808 2228 985 2311 gaudentes
1005 2230 1163 2294 consortio
1184 2230 1369 2315 peritorum,

412 2347 470 2396 aut
500 2344 674 2396 consonant
703 2331 727 2393 si
757 2353 823 2416 qua
859 2344 1002 2415 possunt,
1032 2348 1088 2396 aut
1109 2354 1224 2397 rerum
1256 2332 1366 2397 talium

412 2434 585 2519 capiuntur
597 2431 722 2496 auditu.
753 2432 787 2495 Si
800 2453 876 2495 vero
887 2430 995 2514 plures
1010 2432 1051 2496 ab
1062 2432 1260 2498 institutione
1274 2434 1369 2498 disci·

413 2535 512 2624 plinae
527 2536 596 2621 ejus
616 2533 706 2596 alieni
731 2547 816 2609 sunt,
833 2532 1045 2620 prudentibus
1068 2535 1123 2621 qui
1138 2534 1304 2621 pauciores
1322 2537 1368 2599 in-

414 2653 571 2716 tererunt,
585 2637 704 2701 sauciet
719 2636 969 2702 dissimulatione
984 2636 1045 2715 sui,
1056 2649 1090 2701 at
1105 2637 1245 2722 patietur
1262 2637 1369 2724 loqua-

414 2743 543 2807 citatem
575 2741 688 2827 majori
723 2739 805 2825 parti
835 2738 1038 2802 amicitiorem
1075 2760 1195 2813 sanare,
1226 2762 1265 2802 ne
1301 2762 1370 2803 rara

417 2844 567 2910 nobilitas
582 2867 601 2906 a
617 2842 709 2929 plebe
726 2840 972 2906 tumultuosiore
987 2840 1145 2906 turbetur.
1178 2841 1224 2904 Et
1239 2841 1308 2905 haec
1323 2858 1371 2907 est

415 2970 480 3012 uns
490 2945 531 3010 de
543 2944 753 3033 philosophia
764 2944 947 3008 virtutibus.
984 2942 1068 3017 Quia
1079 2965 1177 3028 quum
1188 2957 1296 3007 orator
1308 2967 1369 3009 non

416 3047 512 3113 aliter
533 3046 591 3109 nisi
614 3046 734 3110 orando
756 3044 922 3130 probetur,
947 3041 1155 3127 philosophus
1178 3065 1239 3106 non
1267 3047 1371 3110 minus

417 3149 553 3215 tacendo
568 3171 627 3235 pro
642 3160 795 3233 tempore,
810 3167 907 3232 quam
932 3145 1103 3231 loquendo,
1118 3145 1372 3231 philosophatur.

419 3255 472 3317 Sic
494 3275 572 3335 ergo
593 3252 686 3336 pauci
709 3249 765 3336 qui
788 3249 924 3314 aderunt
946 3248 1112 3327 doctiores,
1134 3252 1166 3312 in
1188 3271 1371 3316 consensum

419 3353 511 3418 rudis
525 3352 684 3430 consortii,
696 3351 782 3414 salva
796 3367 828 3415 et
844 3353 927 3413 inter
943 3372 974 3411 se
990 3350 1166 3434 quaestione
1178 3350 1373 3435 migrabunt,

420 3470 457 3520 ut
473 3456 576 3520 omnis
595 3453 761 3519 discordia
781 3452 919 3538 suspicio
935 3450 1074 3515 lacessat.
1121 3455 1188 3518 Nec
1204 3453 1332 3531 mirum,
1349 3456 1374 3519 si

420 3559 536 3624 doctus
556 3559 662 3637 faciet,
678 3555 766 3644 quod
789 3556 863 3620 iecit
886 3553 1047 3642 quondam
1074 3554 1256 3619 Pisistratus
1273 3557 1375 3622 Athe-

422 3686 534 3729 narum
549 3666 730 3748 Tyrannus.
768 3661 831 3735 Qui
853 3681 926 3722 cum
950 3657 1024 3723 filiis
1040 3658 1104 3723 suis
1123 3673 1245 3723 rectum
1267 3660 1374 3726 dando

421 3763 588 3830 consilium
612 3785 675 3827 non
697 3761 887 3826 obtinuisset
912 3782 1083 3836 assensum,
1099 3773 1131 3824 et
1154 3760 1226 3824 ideo
1240 3777 1320 3827 esset
1342 3764 1374 3826 in

421 3865 585 3932 simultate
600 3886 672 3928 cum
688 3861 812 3926 liberis:
841 3860 897 3924 ubi
918 3861 978 3925 hoc
993 3860 1116 3924 aemulis
1136 3884 1262 3925 causam
1279 3862 1376 3926 fuisse

422 3967 534 4055 gaudii
549 3965 715 4051 comperit,
726 3987 765 4027 ex
781 3963 835 4026 illa
849 3962 1005 4027 discordia
1021 3963 1224 4049 sperantibus
1235 3964 1265 4026 in
1282 3965 1377 4027 domo

423 4070 587 4155 regnantis
608 4069 692 4132 nasci
715 4090 805 4153 posse
827 4067 1013 4141 novitatem,
1034 4065 1239 4129 universitate
1260 4063 1375 4127 civium

424 4190 607 4250 convocata,
637 4174 693 4249 ait,
722 4168 938 4233 succensuisse
974 4166 1102 4253 quidem
1140 4189 1172 4229 se
1202 4163 1285 4238 liliis,
1316 4187 1377 4227 non

423 4273 697 4363 acquiescentibus
716 4273 829 4359 patriae
850 4270 1021 4342 voluntati,
1038 4268 1093 4331 sed
1116 4269 1175 4332 hoc
1191 4278 1300 4350 postea
1320 4267 1379 4330 sibi

426 4379 529 4442 visum
552 4399 620 4440 esse
642 4388 783 4460 paternae
806 4374 914 4457 aptius
936 4367 1058 4454 pietati,
1082 4367 1172 4431 utin
1195 4366 1380 4430 sententiam
