3550 5467
517 727 557 786 5⁴2
774 739 912 786 scaurus
928 740 1207 785 sasesnnurnusrs
1321 721 1403 801 [nra.
1420 738 1467 782 vr.

511 892 621 955 ‘tinent
635 893 866 973 auctoritatem,
880 905 914 957 et
937 893 1133 957 universitati
1154 893 1337 977 reipublicae
1353 911 1469 975 usqne·

520 1014 646 1076 quaque
675 994 857 1078 proficiunt.
902 997 986 1059 Haec
1017 1007 1123 1059 autem
1154 1004 1202 1057 tot
1230 1006 1315 1072 sunt,
1341 1004 1378 1056 ut
1406 1013 1469 1054 res-

518 1095 650 1177 publica
678 1118 742 1159 non
773 1097 938 1181 octipedes
968 1119 1113 1175 cancros,
1139 1096 1197 1160 sed
1227 1105 1261 1159 et
1284 1091 1470 1178 centipedes

519 1197 638 1279 pedum
668 1201 893 1263 numerositate
923 1198 1137 1264 transcendat.
1182 1200 1228 1262 Et
1251 1197 1381 1283 quidem
1404 1216 1471 1278 prre

519 1299 724 1364 multitudine
739 1303 896 1365 numerari
912 1323 978 1364 non
998 1311 1144 1385 possunt,
1159 1321 1258 1383 quum
1274 1314 1382 1363 tamen
1404 1317 1469 1358 non

521 1399 647 1465 infinita
662 1403 726 1465 sint
740 1425 798 1486 per
820 1414 976 1481 naturam,
990 1402 1047 1467 sed
1071 1403 1147 1486 quia
1167 1414 1233 1466 tam
1250 1402 1344 1465 rariae
1359 1400 1469 1481 figurae

521 1511 608 1575 sunt,
644 1516 680 1566 ut
716 1505 823 1567 nullus
858 1525 1000 1586 unquam
1043 1503 1220 1567 officiorum
1257 1502 1400 1586 scriptor,
1439 1500 1473 1560 in

522 1603 667 1685 singulas
695 1608 821 1689 species
845 1628 954 1670 eorum
979 1607 1132 1691 specialia
1153 1615 1316 1690 praecepta
1338 1601 1472 1666 dederit.

522 1706 748 1771 Verumtamen
772 1709 859 1792 quod
881 1710 1030 1790 generale
1052 1719 1101 1772 est
1122 1709 1270 1771 omnibus
1290 1719 1322 1769 et
1341 1704 1476 1785 singulis

522 1820 722 1888 procuratur,
738 1820 772 1872 ut
787 1810 869 1889 legis
892 1810 1016 1872 scilicet
1036 1809 1154 1871 limites
1174 1830 1239 1870 non
1256 1805 1428 1881 excedant,
1444 1816 1476 1865 ot

524 1904 566 1968 ad
591 1909 755 1988 publicam
785 1909 955 1972 utilitatem
983 1909 1091 1970 omnia
1114 1909 1299 1970 referantur.
1345 1907 1476 1969 Debent

524 2017 632 2068 autem
654 2009 843 2090 obsequium
860 2007 1009 2069 inferiora
1029 2007 1256 2089 superioribus,
1276 2029 1348 2090 quoe
1368 2007 1480 2069 omnia

524 2105 643 2169 eisdem
662 2107 799 2170 vicissim
824 2107 942 2170 debent
962 2107 1175 2170 necessarium
1202 2106 1381 2169 subsidium
1406 2128 1478 2188 pro-

526 2205 642 2270 videre.
688 2207 785 2271 Unde
801 2207 993 2271 Plutarchus
1014 2228 1053 2270 ea
1072 2207 1151 2271 dicit
1171 2209 1203 2270 in
1227 2205 1378 2270 omnibus
1401 2229 1479 2270 exe·

526 2308 664 2390 quenda,
674 2330 747 2392 quae
755 2308 990 2387 humilioribus,
999 2309 1032 2372 id
1048 2321 1098 2372 est
1112 2308 1320 2384 multitudini,
1332 2320 1478 2390 prosunt.

423 2424 429 2433 “
526 2406 611 2472 Nam
624 2411 770 2493 paucitas
785 2433 911 2495 semper
926 2412 1071 2494 pluribus
1087 2411 1181 2475 cedit.
1226 2413 1278 2474 Ea
1289 2432 1364 2492 ergo
1380 2431 1479 2473 causa

524 2511 662 2575 instituti
677 2524 751 2576 sunt
766 2513 979 2595 magistratus,
992 2525 1027 2577 ut
1037 2536 1057 2578 a
1067 2513 1205 2578 subditis
1213 2514 1336 2598 injuriae
1348 2514 1478 2595 propul-

526 2624 645 2692 sentur,
674 2615 809 2700 ipsaque
838 2616 1018 2700 reipublice
1054 2615 1146 2700 qnasi
1181 2617 1307 2678 illorum
1346 2614 1478 2696 opificio

526 2715 690 2779 calcietur.
734 2718 795 2780 Est
805 2717 890 2780 enim
902 2717 995 2801 qnasi
1007 2716 1201 2794 discalciata,
1212 2715 1340 2800 quaudo
1355 2715 1480 2798 injuriis

526 2818 711 2900 exponitur,
726 2840 791 2903 quo
806 2820 885 2882 nihil
900 2829 1007 2903 potest
1022 2818 1266 2901 ignominiosius
1281 2838 1352 2881 esse
1367 2838 1478 2897 geren-

525 2917 614 2980 tibus
628 2919 855 3000 magistratum.
900 2919 1047 2983 Afflictus
1062 2940 1201 3003 namque
1218 2920 1368 3002 populus,
1384 2919 1478 3001 qnasi

527 3020 682 3104 principis
697 3021 869 3104 podagram
882 3022 986 3104 arguit
1000 3034 1032 3084 et
1048 3022 1221 3085 convincit.
1266 3022 1358 3084 Tunc
1371 3032 1477 3084 autern

528 3121 627 3185 totius
641 3123 827 3205 reipublicae
842 3125 930 3186 salus
947 3122 1118 3187 incolumis
1133 3123 1350 3204 praeclaraque
1365 3119 1437 3196 erit,
1452 3120 1479 3182 si

531 3223 696 3305 superiora
717 3225 861 3286 membra
881 3245 916 3285 se
939 3221 1128 3304 impendant
1150 3221 1363 3293 interioribus,
1386 3231 1418 3282 et
1433 3219 1482 3281 in·

529 3322 644 3385 seriora
658 3322 874 3405 superioribus
888 3321 957 3403 pari
975 3321 1049 3402 jure
1065 3318 1290 3400 respondeant,
1307 3330 1341 3381 ut
1356 3319 1484 3401 singula

530 3421 595 3483 sint
609 3421 703 3503 quasi
717 3422 851 3483 aliomm
872 3418 915 3481 ad
937 3418 1073 3479 invicem
1089 3417 1242 3493 membra,
1257 3428 1288 3478 et
1310 3419 1342 3479 in
1366 3439 1405 3480 eo
1422 3416 1483 3481 sibi

530 3521 667 3605 quisque
683 3522 822 3584 maxime
844 3518 956 3609 ¹credat
975 3539 1045 3581 esse
1067 3517 1261 3597 consultum,
1275 3516 1308 3578 in
1331 3539 1396 3602 quo
1412 3518 1484 3582 aliis

530 3622 641 3686 utilius
654 3622 778 3684 noverit
792 3642 862 3685 esse
874 3630 1089 3704 prospectum.

533 3881 612 3966 Cap.
630 3885 682 3945 2l.
708 3881 957 3963 Betnpttblt'cam
994 3881 1041 3943 ad
1073 3890 1200 3944 noturae
1232 3883 1484 3945 similitudinarie

575 3983 803 4063 ordinandam,
817 3991 851 4046 et
861 3983 1009 4045 ordinem
1023 3984 1063 4049 de
1076 3984 1193 4064 epibata
1207 3985 1431 4047 mutuandum.

577 4140 811 4204 &aaaron
827 4135 868 4200 de
891 4137 1004 4219 repub.
1021 4137 1081 4200 etsi
1103 4135 1229 4202 diverso
1248 4136 1356 4213 modo,
1371 4135 1487 4200 Cicero

534 4253 567 4306 et
588 4241 691 4319 Plato,
713 4259 813 4325 quum
835 4239 914 4302 alter
937 4237 1042 4321 qualis
1062 4258 1132 4301 esse
1156 4236 1273 4301 debeat
1296 4237 1493 4314 dissemerit,

535 4345 613 4408 altor
623 4341 726 4429 qualis
741 4340 836 4404 luerit
850 4361 870 4404 a
883 4337 1059 4423 majoribus
1075 4337 1226 4402 instituta.
1271 4338 1368 4400 Hanc
1385 4347 1492 4401 tamen
