3550 5467
408 738 471 799 286
664 751 801 795 sossius
816 748 1103 794 ssassaniuasms
1196 732 1278 813 [trs.
1295 749 1352 796 nu.

408 926 469 967 non
487 903 655 966 miraretur
671 903 843 966 Antonius:
877 899 1001 986 quippe
1016 900 1075 985 qui
1091 900 1213 978 omnis,
1228 925 1298 988 quae
1311 926 1355 988 ep

408 1002 620 1088 ponebantur,
637 1025 676 1064 ex
693 999 886 1086 quotidianis
901 999 1020 1085 opibus
1035 1015 1236 1085 agnosceret.
1273 1003 1355 1066 Tunc

409 1105 516 1188 regina
536 1103 680 1168 arridens
703 1101 841 1189 phialam
862 1102 1022 1187 poposcit,
1041 1105 1097 1167 cui
1118 1105 1264 1169 nonnihil
1288 1110 1356 1170 aceti

369 1210 373 1218 ’
407 1208 488 1270 acris
510 1204 643 1282 infudit,
665 1204 852 1291 dimisitque
869 1204 1101 1269 festinabunda
1121 1205 1201 1271 illuc
1222 1207 1355 1272 unionem

407 1332 446 1371 ex
471 1306 572 1372 altera
595 1329 672 1370 aure
698 1305 876 1392 demptum,
898 1319 930 1369 et
955 1305 1094 1370 eundem
1122 1321 1251 1372 mature
1272 1309 1357 1373 disse

408 1410 524 1490 lutum,
551 1409 597 1473 uti
626 1422 742 1472 natura
770 1420 817 1470 est
847 1408 916 1491 ejus
945 1407 1076 1493 lapidis,
1102 1408 1279 1474 absorbuit
1319 1414 1356 1474 Et

409 1511 554 1599 quamvis
583 1534 621 1574 eo
652 1513 734 1574 lacto
764 1508 932 1593 sponsione
955 1508 1094 1586 vicisset,
1117 1510 1244 1597 quippe
1269 1534 1355 1596 quun

410 1614 481 1699 ipse
508 1612 681 1697 margarita
707 1611 825 1675 centies
848 1610 1041 1690 sestertium,
1068 1611 1138 1676 sine
1168 1615 1357 1677 contentione

409 1714 590 1789 evaluisset,
613 1734 742 1776 manum
764 1726 868 1775 tamen
893 1711 932 1774 ad
953 1712 1087 1776 alterius
1108 1713 1199 1777 suris
1223 1713 1357 1778 unionem

411 1815 555 1881 similiter
570 1813 724 1892 admovit,
734 1813 792 1876 nisi
809 1815 984 1877 Numatius
998 1812 1151 1894 Plancus,
1161 1813 1268 1902 judex
1283 1839 1357 1879 sere·

410 1918 564 1995 rissimus,
580 1929 763 2003 superatum
781 1914 954 1979 Antonium
975 1929 1102 1979 mature
1117 1916 1358 2002 pronunciasset.

411 2021 486 2104 lpse
515 2031 621 2082 autem
654 2017 729 2080 unio
758 2017 851 2102 cujus
885 2013 983 2080 fuerit
1016 2018 1264 2103 magnitudinis,
1293 2019 1356 2083 iude

408 2119 514 2203 colligi
552 2132 689 2205 poterat,
719 2118 807 2203 quod
845 2118 902 2204 qui
937 2119 1112 2204 superfuit,
1143 2136 1257 2207 postea
1286 2122 1358 2186 victs

409 2223 529 2306 regina,
557 2233 589 2283 et
619 2233 713 2306 capta
744 2220 902 2306 AEgypto,
930 2221 1066 2284 Romam
1093 2223 1224 2287 delatus
1253 2223 1360 2289 dissec-

409 2334 527 2405 tusque
549 2334 608 2394 est,
629 2332 661 2383 et
682 2320 775 2384 ssctae
797 2343 836 2382 ex
860 2342 924 2383 uns
946 2322 1120 2404 margarita
1140 2323 1227 2403 duae,
1242 2324 1361 2411 imposi-

410 2438 515 2509 taeque
535 2421 728 2486 simulachro
751 2425 894 2497 Veneris,
917 2438 953 2486 ut
974 2437 1187 2491 monstruosa>
1212 2427 1363 2511 magnitu-

409 2523 504 2604 dinis,
517 2524 550 2587 in
566 2522 696 2609 templo,
712 2526 798 2611 quod
816 2524 980 2588 Pantheon
995 2525 1189 2611 appellatur,
1229 2527 1292 2593 Sed
1307 2529 1362 2604 bis,

410 2642 442 2691 et
459 2624 626 2702 similibus,
642 2624 798 2690 demeruit
818 2626 1159 2711 intemperantissimus
1180 2646 1211 2694 et
1233 2628 1363 2714 flagitio·

411 2729 564 2805 sissimus,
581 2749 642 2790 non
667 2728 778 2813 populi
802 2727 950 2804 Romani,
966 2727 1021 2790 sed
1045 2730 1202 2795 virtutum
1221 2731 1363 2816 publicus

412 2828 522 2909 hostis,
549 2850 587 2892 ne
613 2827 752 2892 edictum
783 2828 870 2914 quod
903 2830 1125 2896 triumviratus
1156 2847 1299 2919 tempore
1327 2836 1363 2898 de

412 2929 593 3014 sumptibus
614 2929 734 3014 posuit,
754 2927 833 3013 legis
855 2951 969 2992 nomen
993 2930 1122 3007 habeat,
1142 2945 1201 2996 aut
1217 2933 1363 3017 rigorem.

413 3034 534 3094 locum
565 3044 684 3111 autem,
709 3031 773 3093 imo
803 3044 835 3095 et
866 3035 1081 3096 necessitatem
1115 3032 1242 3119 legibus
1270 3037 1363 3100 luisse

413 3131 550 3211 cibariis,
577 3132 623 3195 vel
655 3156 694 3195 ex
725 3156 762 3196 eo
790 3144 926 3210 constat,
950 3133 1038 3219 quod
1064 3135 1259 3200 cibariorum
1286 3135 1365 3201 dele-

412 3233 589 3316 gendorum
610 3235 753 3319 regulam
772 3233 899 3299 luxuria
921 3232 1095 3300 adinvenit.
1142 3239 1296 3304 Testatur
1310 3238 1365 3302 hoc

414 3335 463 3398 M.
491 3333 604 3416 Varro,
633 3337 689 3422 qui
720 3337 922 3413 enumeratis,
949 3359 1024 3422 quae
1053 3337 1085 3400 in
1117 3339 1239 3425 quibus
1267 3340 1365 3405 ltslioe

413 3437 558 3521 partibus
573 3452 707 3522 optuma
721 3439 762 3502 ad
779 3438 900 3501 victum
915 3438 1100 3522 gignantur,
1119 3443 1198 3524 pisci
1211 3420 1366 3506 'liberino

412 3536 462 3599 his
483 3538 586 3602 verbis
606 3538 721 3604 tribuit
743 3540 891 3625 palmam,
915 3539 947 3603 in
969 3539 1050 3604 libro
1073 3542 1243 3606 undecimo
1264 3566 1364 3608 rerum

413 3637 635 3700 humanarum.
677 3639 761 3702 “Ad
780 3639 901 3703 victum
915 3640 1072 3726 optimum
1090 3639 1167 3720 fert,
1181 3665 1259 3728 ager
1275 3647 1365 3710 Cam·

414 3759 515 3823 panus
532 3735 740 3815 frumentum,
763 3741 919 3805 Falernus
939 3741 1061 3819 vinum,
1078 3740 1228 3808 Cussiuas
1250 3745 1365 3823 oleum,

412 3837 615 3903 Tusculanus
638 3839 744 3916 licum,
762 3841 821 3905 mel
843 3843 1048 3922 Tarentinus,
1062 3843 1180 3928 piscem
1203 3847 1367 3933 Tyberis?

412 3945 494 4008 Haec
509 3945 620 4005 Varro.
666 3942 729 4008 Sed
750 3944 906 4007 intereos
927 3946 1126 4030 praecipuum
1153 3946 1258 4012 locum
1275 3953 1367 4036 lupos

413 4047 529 4122 tenuit,
556 4060 588 4109 et
615 4046 743 4133 quidem
771 4045 877 4131 isqui
903 4048 985 4111 inter
1011 4047 1092 4111 duos
1119 4066 1234 4131 pontes
1257 4066 1366 4138 captus

412 4162 502 4215 esset.
550 4148 589 4211 ld
612 4149 784 4213 ostendunt
807 4170 907 4232 quum
930 4148 1022 4213 multi
1045 4149 1110 4229 elii,
1126 4164 1196 4214 tum
1217 4157 1313 4218 etism
1330 4153 1366 4216 C,

414 4251 535 4330 Titius,
550 4251 598 4313 vir
618 4250 721 4315 aetatis
741 4248 937 4325 Lucinianae,
954 4252 984 4314 in
1007 4252 1161 4328 oratioue,
1179 4277 1246 4339 qua
1268 4254 1363 4341 legem

413 4352 568 4417 Fanniam
584 4353 695 4418 suasit:
720 4354 812 4438 cujus
827 4353 923 4417 rerba
939 4353 1010 4418 ideo
1026 4354 1172 4438 ponenda
1189 4371 1278 4434 sunt,
1293 4356 1364 4443 quis
