3550 5467
286 755 481 836 crema]
688 773 945 822 rocrcssrrcns.
1205 765 1247 824 69

287 941 317 990 et
344 927 387 990 de
414 929 525 992 officio
553 927 748 990 matrimonii
772 927 919 993 instituta
947 939 1005 1007 est,
1031 931 1089 994 ait:
1123 932 1245 997 Vitium

286 1030 435 1115 conjugis
470 1039 528 1092 aut
563 1028 739 1093 tollendum
773 1040 831 1110 est,
859 1039 916 1093 aut
949 1031 1123 1096 serendum.
1181 1035 1246 1107 Qui

286 1131 372 1195 tollit
396 1131 522 1208 vitium,
549 1128 799 1193 commodiorem
822 1131 992 1213 conjugem
1022 1142 1163 1215 praestatr
1188 1135 1244 1218 qui

286 1234 357 1311 sert,
372 1234 517 1318 seipsum
533 1231 632 1295 efficit
646 1231 818 1295 meliorem.
864 1233 918 1296 Sic
934 1233 1103 1317 principiis
1122 1246 1155 1299 et
1169 1238 1244 1300 sub·

280 1337 450 1420 jactorum
459 1333 548 1412 vitia,
558 1331 849 1408 miserandorum,
862 1333 1079 1399 auttollenda.
1118 1338 1245 1400 Horum

286 1437 409 1520 quippe
433 1433 666 1500 consoederatio
695 1435 843 1497 affectum
873 1433 1021 1518 conjugis
1047 1447 1103 1500 aut
1127 1450 1242 1522 oequat,

287 1547 345 1600 aut
364 1534 533 1619 praecedit.
578 1531 643 1597 Sed
664 1543 697 1596 et
717 1533 788 1617 ipsa
810 1534 962 1597 Varronis
982 1537 1088 1614 rerba,
1111 1537 1189 1601 serre
1211 1549 1245 1602 et

287 1638 412 1713 tollere,
422 1635 532 1720 lepide
540 1634 672 1719 quidem
682 1635 862 1718 composita
870 1645 954 1698 sunt
986 1638 1129 1718 Apparet
1137 1647 1243 1702 autem

286 1739 365 1824 quia
378 1737 512 1803 tollendi
526 1759 656 1814 nomen,
671 1737 882 1801 correctionis
902 1748 951 1801 est
972 1749 1057 1801 nota
1105 1739 1244 1805 Constat

286 1841 432 1926 ejusdem
450 1840 522 1923 ejus
546 1861 617 1904 esse
639 1839 842 1917 sententiam,
860 1849 896 1902 ut
917 1839 1045 1916 feratur,
1064 1840 1151 1924 quod
1173 1839 1243 1905 tolli

286 1967 354 2008 non
367 1955 482 2028 potest.
529 1945 604 2009 Hoc
625 1956 729 2008 tamen
750 1944 856 2008 fidelis
878 1944 991 2028 adjicit
1014 1946 1241 2030 interpretatio,

286 2058 323 2110 ut
345 2047 458 2110 vitium
483 2047 689 2128 intelligatur,
710 2044 799 2129 quod
821 2046 953 2112 honeste
979 2048 1052 2110 ferri
1078 2059 1241 2131 potestat

288 2148 444 2230 religione
458 2147 621 2212 incolumi.
665 2149 753 2211 Vitia
768 2149 854 2211 enim
877 2150 1006 2231 flagitiis
1020 2150 1141 2214 leviora
1155 2164 1240 2229 sunt,

286 2264 319 2314 et
334 2260 411 2313 sunt
423 2252 579 2315 nonnulla
594 2273 665 2334 quae
681 2270 745 2312 non
761 2249 833 2313 ferri
848 2251 934 2329 licet,
945 2262 1000 2316 aut
1015 2274 1087 2336 quae
1102 2251 1241 2318 fideliter

285 2353 359 2416 t'erri
384 2373 451 2416 non
477 2362 623 2435 possunt.
667 2352 722 2414 Ex
746 2373 842 2415 causa
867 2352 1087 2418 fornicationis
1108 2355 1240 2420 licenter

284 2452 416 2518 divertit
444 2453 567 2538 conjux
590 2475 610 2518 a
634 2453 783 2537 conjuge,
809 2462 842 2516 et
871 2455 1058 2538 plerumque
1084 2468 1239 2540 patronus

283 2569 333 2621 est
355 2555 574 2640 turpitudinis,
594 2556 651 2639 qui
670 2555 791 2619 crimen
815 2557 900 2619 celat
919 2558 1040 2620 uxoris.
1086 2559 1167 2623 Inde
1191 2569 1242 2623 est

284 2659 382 2723 t'orte:
410 2658 476 2731 Qui
501 2656 674 2721 adulteram
697 2657 822 2734 retinet,
844 2659 959 2721 stultus
981 2669 1014 2720 et
1036 2659 1154 2743 impius
1180 2673 1240 2724 est.

286 2760 370 2824 Haec
385 2771 492 2824 autem
512 2759 546 2822 in
568 2759 706 2823 moecbia
719 2758 878 2842 corporali
896 2770 929 2822 et
948 2760 1117 2842 spirituali,
1132 2763 1238 2845 quoad

284 2862 417 2947 aliquid,
432 2882 525 2946 reque
546 2861 702 2937 obtinent,
715 2861 775 2923 etsi
795 2860 933 2923 deterior
948 2861 988 2924 sit
1009 2861 1191 2945 spiritualis,
1206 2876 1238 2928 et

283 2964 460 3030 studiosius
485 2963 688 3028 declinanda.
733 2962 886 3026 Similiter
909 2973 942 3026 et
967 2962 1000 3025 in
1025 2965 1237 3029 membrorum

284 3067 490 3151 compagine,
506 3064 629 3131 serendi
650 3086 707 3128 aur
729 3064 864 3129 tollendi
885 3065 1037 3128 Varronis
1059 3077 1108 3130 est
1129 3069 1239 3148 regula

285 3168 498 3233 admittenda.
551 3168 636 3255 Nam
667 3168 746 3252 quin
776 3166 919 3230 membra
948 3166 1051 3228 curari
1083 3179 1240 3251 oporteat,

283 3291 381 3335 nemo
396 3271 541 3352 ambigit,
555 3271 620 3334 sive
635 3270 669 3332 iu
684 3271 824 3333 fomento
839 3267 915 3345 olei,
927 3266 993 3329 sive
1007 3268 1040 3330 in
1055 3271 1236 3335 austeritate

284 3374 364 3450 vini,
379 3373 468 3459 quod
486 3372 704 3438 Samaritanus
724 3368 865 3433 infundit
889 3369 1062 3449 vulnerato,
1084 3372 1238 3454 procedat

282 3498 370 3541 cura.
416 3474 512 3549 Quod
527 3485 634 3538 autem
648 3472 791 3536 tollenda
811 3473 884 3549 sint,
900 3493 940 3534 ex
963 3493 1003 3535 eo
1021 3474 1133 3558 liquet,
1149 3477 1237 3561 quod

282 3579 518 3662 scriptumest:
543 3576 578 3639 Si
594 3597 707 3639 manus
722 3586 787 3651 tua,
801 3575 850 3636 vel
866 3595 925 3656 pes
944 3584 1018 3637 tuus
1038 3577 1238 3645 scandalizat

283 3691 324 3758 te,
349 3677 508 3744 abscinde
534 3699 607 3741 cnm
633 3688 666 3741 et
690 3677 813 3760 projice
835 3677 895 3738 abs
916 3687 958 3740 te·
1002 3677 1048 3741 Et
1073 3679 1100 3742 si
1123 3684 1235 3749 oculus

282 3793 356 3846 tuus
371 3779 572 3846 scandalizat
585 3790 627 3855 te,
643 3800 717 3843 erue
732 3800 806 3841 eum
821 3788 854 3841 ct
869 3778 991 3861 projice
1006 3781 1121 3845 abste.
1160 3786 1236 3851 Hoc

284 3883 317 3946 in
336 3881 492 3947 membris
511 3881 660 3943 omnibus
680 3878 818 3963 principi
839 3878 972 3942 arbitror
994 3881 1237 3966 observandum,

284 3995 393 4048 utnon
406 3982 506 4047 modo
515 3991 677 4060 emantur,
688 3979 927 4054 abscindantur,
940 3991 972 4043 et
982 3984 1094 4064 procul
1104 3986 1236 4069 ejician-

284 4097 341 4166 tur,
355 4087 384 4150 si
401 4085 481 4149 fidei
497 4094 553 4148 aut
568 4081 707 4166 publicar
729 4081 823 4144 saluti
845 4081 961 4144 dentur
982 4083 1016 4144 in
1039 4084 1237 4165 scandalum,

286 4187 338 4252 sed
362 4190 408 4253 ita
432 4195 651 4264 conterantur,
672 4183 759 4248 utin
783 4184 973 4247 exterminio
994 4185 1098 4260 unius,
1113 4187 1235 4249 univer-

285 4310 386 4354 sorum
401 4287 616 4354 incolumitas
630 4296 824 4371 procuretur.
871 4286 944 4362 Cui,
959 4286 1102 4366 inquam,
1117 4299 1237 4366 parcet,

285 4392 336 4474 qui
357 4393 456 4458 etiam
476 4391 510 4455 in
527 4388 639 4453 oculos
653 4408 729 4450 suos
744 4385 852 4448 saevire
868 4383 1072 4469 praecipitur?
1116 4384 1236 4469 Utique
