3550 5467
401 743 465 802 980
644 753 781 798 scansis
796 751 1084 797 strassenrassrs
1194 735 1279 815 [aaa.
1295 752 1359 798 rm.

406 908 473 970 viro
487 906 576 991 gravi
600 901 748 967 notabilis
769 923 919 965 excausa
942 900 1099 981 luxuriae,
1121 925 1202 987 quoe
1224 916 1359 967 ornatum

404 1031 496 1073 suum
521 1007 551 1070 in
575 1004 678 1091 pretio
704 1001 848 1080 vestium,
868 1015 925 1065 aut
949 1002 1070 1082 colore,
1094 1017 1154 1067 aut
1179 1003 1295 1078 forms,
1311 1017 1360 1067 sat

405 1134 480 1176 usus
494 1108 635 1172 novitate
650 1105 820 1169 consistere
835 1103 996 1187 opinatur.
1043 1104 1096 1169 Ut
1113 1104 1202 1168 enim
1218 1108 1266 1169 ait
1280 1103 1363 1169 Ethi.

403 1236 470 1291 cus,

512 1327 657 1380 llalthinus
668 1325 762 1377 tunicis
773 1323 893 1376 demissis
904 1322 1039 1376 ambalat:
1058 1330 1104 1376 eat
1112 1325 1159 1392 qni

512 1415 615 1482 inguen
627 1413 660 1464 ad
672 1412 821 1465 obwoenum
833 1410 952 1462 demusin
962 1426 1048 1478 usqne
1060 1407 1179 1462 facetos.

410 1519 502 1583 Alter
524 1515 598 1580 solis
618 1511 710 1576 lineis
732 1511 854 1573 brumae
878 1509 1029 1573 horrores
1051 1508 1217 1585 excludit,
1239 1527 1272 1574 et
1291 1509 1362 1574 dum

407 1621 513 1686 omnia
528 1616 603 1703 gelu
623 1612 793 1677 constricta
808 1611 923 1695 rigent,
940 1611 1030 1674 tenui
1054 1611 1155 1676 sudat
1171 1610 1206 1676 in
1231 1612 1362 1698 cyclade,

408 1739 442 1788 et
464 1722 551 1786 illius
572 1717 709 1790 delitias,
731 1714 825 1777 etiam
844 1712 1047 1777 bombicinus
1071 1713 1138 1777 urit
1161 1736 1299 1798 pannus,
1312 1728 1362 1777 aut

410 1825 538 1910 premit.
584 1823 647 1885 Hic
676 1839 764 1902 caepa
792 1815 973 1894 tunicatior,
999 1814 1147 1880 densatis
1173 1816 1313 1901 pellibus
1334 1829 1362 1878 et

410 1925 569 2013 epitogiis,
597 1919 754 2003 chlamydi
790 1915 936 2003 penulam
974 1916 1184 2002 superducit,
1213 1932 1247 1981 et
1280 1917 1361 2003 quasi

409 2026 617 2111 conglobatus
632 2022 663 2085 in
679 2021 787 2083 orbem
812 2016 956 2095 rotulari,
970 2039 1070 2103 quam
1094 2018 1255 2098 incedere,
1270 2020 1362 2103 magis

410 2130 543 2194 idoneus
571 2138 628 2188 est.
676 2121 736 2185 Ille
764 2143 849 2184 nunc
880 2118 985 2183 utitur
1010 2120 1146 2204 penula,
1171 2145 1258 2186 nunc
1286 2143 1361 2184 cam-

410 2232 521 2316 pestri:
554 2226 584 2289 id
609 2225 711 2288 solnm
734 2246 842 2306 agens,
864 2236 900 2286 ut
920 2222 990 2286 aliis
1012 2223 1183 2288 dissimilis
1205 2225 1361 2289 habeatur.

411 2331 469 2393 llle
495 2341 599 2392 tantas
625 2323 776 2409 exquisiti
803 2337 935 2387 ornatus
960 2322 1090 2388 affectat
1119 2325 1306 2399 munditias,
1329 2341 1361 2388 ut

409 2433 506 2498 nimio
531 2427 700 2516 splendore
725 2425 832 2490 cultus
855 2426 991 2513 operosi,
1015 2427 1058 2489 ad
1084 2426 1201 2492 sordes
1223 2428 1362 2493 rideatur

410 2533 568 2600 accedere.
606 2528 767 2614 Quicquid
792 2528 874 2591 enim
900 2526 1044 2603 dedecet,
1069 2542 1102 2592 et
1129 2528 1363 2614 quodammodo

411 2638 537 2725 polluit,
553 2647 610 2698 aut
625 2632 732 2716 potius
747 2629 878 2716 expellit
899 2631 1111 2707 honestatem,
1128 2632 1295 2696 sordidum
1309 2646 1362 2707 est,

411 2757 443 2806 et
459 2736 639 2803 habendum
655 2735 687 2796 in
703 2731 859 2796 sordibus.
899 2735 971 2796 Non
988 2745 1095 2795 tamen
1117 2733 1268 2817 arguitur
1281 2732 1363 2819 quod

411 2841 581 2908 necessitas
596 2834 782 2914 introducit,
798 2835 872 2919 quia
888 2853 950 2895 non
971 2855 1081 2895 omnes
1094 2834 1207 2898 omnia
1224 2848 1363 2919 possunt,

411 2960 443 3009 et
466 2956 513 3007 est
535 2941 627 3026 cujus
650 2950 764 3000 natura
784 2934 897 3019 exigit,
919 2933 1004 2997 unde
1023 2934 1106 2998 alius
1127 2950 1292 3012 oneratur,
1311 2949 1361 2998 aut

412 3043 499 3131 quod
516 3039 643 3104 omnino
665 3039 748 3100 serre
764 3056 824 3098 non
847 3046 962 3119 potest.
1002 3035 1076 3098 Hoc
1098 3044 1208 3098 autem
1233 3035 1363 3122 philost>

411 3146 488 3233 phia
502 3140 647 3230 praecipit
663 3137 833 3213 observari,
849 3149 885 3200 ut
901 3135 1036 3222 quisque
1051 3135 1083 3199 in
1099 3138 1254 3203 omnibus
1268 3138 1364 3222 fugiat

411 3263 532 3321 notam,
543 3244 685 3308 indicens
695 3238 810 3303 actioni
823 3238 1056 3317 rectitudinem,
1066 3260 1106 3302 ne
1117 3240 1159 3303 sit
1172 3239 1364 3326 reprehensi·

411 3352 501 3423 bilis;
530 3345 666 3412 sermoni
686 3342 854 3416 cautelam,
870 3363 909 3404 ne
927 3341 968 3404 sit
983 3341 1257 3426 contemptibilis;
1280 3341 1365 3405 habi·

412 3454 460 3516 tui
492 3448 690 3519 modestiam,
721 3466 759 3507 ne
794 3442 834 3506 sit
870 3441 1027 3507 notabilis.
1082 3444 1363 3530 Intemperantiam

412 3574 550 3637 namque
566 3560 640 3612 nota
655 3546 821 3611 convincit.
858 3546 896 3607 ln
913 3543 1100 3607 hodiernum
1118 3545 1204 3608 diem
1221 3546 1365 3631 arguitur

411 3653 613 3734 intemperies
646 3647 820 3721 Hortensii,
850 3670 868 3709 a
898 3668 963 3732 quo
998 3645 1051 3710 isti
1085 3646 1229 3711 dealbati
1263 3647 1365 3711 adhuc

411 3756 563 3820 dicuntur
589 3750 806 3825 Hortensiani,
834 3771 895 3813 non
926 3747 1010 3832 quod
1037 3748 1173 3833 primus,
1200 3749 1256 3814 sed
1281 3747 1366 3836 quod

410 3855 595 3944 praecipuus
614 3850 724 3915 talium
741 3851 852 3930 fuerit,
866 3850 946 3914 adeo
966 3864 1002 3914 ut
1019 3850 1182 3916 suffecerit
1203 3851 1245 3916 ad
1262 3866 1364 3916 notam

411 3956 508 4024 seculi
525 3954 592 4023 sni;
626 3954 674 4015 vir
692 3950 805 4035 utique
827 3951 970 4036 alloquio
985 3964 1017 4014 et
1040 3950 1186 4035 professo
1206 3951 1319 4026 mollis,
1334 3965 1364 4014 et

411 4066 443 4128 in
474 4057 646 4146 praecinctu
673 4075 793 4138 ponens
822 4076 946 4116 omnem
974 4054 1119 4117 decorem
1147 4078 1254 4120 suum.
1292 4051 1364 4120 Fuit

412 4165 493 4229 enim
511 4158 626 4222 vestitu
644 4154 682 4217 atl
706 4154 895 4218 munditiem
919 4153 1055 4232 curioso,
1070 4168 1102 4218 et
1123 4167 1159 4217 ut
1176 4155 1258 4220 bene
1272 4155 1361 4219 amic·

412 4285 465 4332 tus
480 4267 551 4337 iret,
567 4260 677 4323 facicm
694 4257 859 4342 quaerebat
875 4256 907 4318 in
925 4254 1063 4340 speculo.
1096 4256 1163 4319 Ubi
1180 4280 1214 4320 se
1230 4257 1362 4331 intuens,

412 4386 517 4451 togam
534 4361 658 4446 corpori
675 4361 719 4425 sic
735 4357 927 4444 applicabat,
944 4370 980 4421 nt
1000 4380 1095 4442 rugas
1112 4379 1174 4420 non
1199 4359 1295 4433 sorte,
1311 4357 1363 4423 sed
