3550 5467
407 754 476 801 car.
493 737 585 816 xxa]
762 752 1016 798 rocrcnsricos.
1302 743 1359 803 171

404 905 523 969 cieuses
541 905 581 967 Β.
601 903 779 979 Benedicti,
797 926 891 989 quem
908 905 1048 968 omnium
1068 907 1228 990 justorum
1246 906 1360 990 spiritu

404 1007 536 1093 plenum
553 1005 653 1069 fuisse
668 1017 802 1079 constat,
816 1019 976 1092 praecepta
992 1018 1023 1069 et
1036 1006 1168 1091 vestigia
1184 1023 1363 1091 sequuntur

405 1108 444 1173 ad
455 1131 610 1194 unguem.
627 1106 1364 1196 Cluniacenses,religionisformammultispro-

410 1211 523 1276 vinciis
550 1209 762 1274 tradiderunt.
823 1211 868 1275 Et
899 1211 1067 1276 Canonicis
1098 1211 1239 1275 sufficere
1269 1213 1366 1279 debet

406 1313 445 1376 ad
462 1312 681 1399 plenissimam
697 1311 836 1388 laudem,
849 1312 936 1398 quod
954 1313 1096 1398 regulam
1112 1337 1220 1378 eorum
1236 1328 1363 1400 oportet

407 1437 518 1478 omnes
540 1413 670 1478 clericos
691 1414 820 1478 imitari.
865 1415 1018 1478 Eremitae
1038 1438 1169 1500 quoque
1191 1415 1362 1500 baptistam

409 1518 588 1595 salvatoris,
613 1529 645 1580 et
675 1516 756 1581 filios
785 1520 1028 1602 prophetarum,
1057 1516 1267 1581 institutionis
1295 1542 1363 1582 suae

410 1620 530 1684 habent
552 1632 706 1684 auctores.
754 1620 884 1683 Fratres
900 1619 1021 1704 templi,
1036 1619 1295 1683 Machabaeorum
1312 1644 1365 1684 ex·

410 1720 528 1807 emplo‚
541 1733 665 1807 ponunt
681 1721 801 1785 animas
817 1744 889 1783 suas
904 1743 963 1806 pro
979 1721 1132 1785 fratribus
1147 1722 1219 1785 suis.
1258 1725 1364 1786 Xeno-

411 1823 518 1901 dochi,
545 1822 611 1886 sive
640 1822 843 1909 hospitalium
876 1836 1109 1908 procuratores,
1138 1824 1365 1908 Apostolorum

412 1937 592 2011 sequuntur
607 1924 752 2007 vestigia,
768 1937 800 1989 et
824 1925 864 1988 ad
882 1923 1083 2010 perfectionis
1097 1924 1258 1989 cumulum
1284 1926 1366 2011 aspi·

412 2038 529 2102 rantes,
545 2026 576 2089 in
602 2050 639 2090 eo
658 2025 838 2090 fidelissime
862 2026 998 2092 audiunt
1022 2026 1198 2103 Christum,
1215 2030 1301 2112 quod
1320 2032 1365 2093 vi·

413 2141 494 2191 runt
519 2127 712 2202 innocenter,
736 2139 767 2191 et
792 2128 899 2191 omnia
921 2150 995 2214 quae
1017 2130 1147 2205 habent,
1172 2130 1366 2214 pauperibus

413 2242 557 2315 erogant.
604 2231 643 2293 In
663 2229 712 2293 his
729 2242 833 2293 tamen
856 2230 1003 2294 omnibus
1019 2230 1127 2295 fideles
1149 2232 1366 2309 inveniuntur,

414 2345 445 2396 et
460 2332 601 2416 reprobi,
613 2354 670 2395 nec
684 2332 726 2394 ob
743 2332 774 2394 id
792 2331 950 2416 religionis
966 2347 1021 2398 aut
1037 2334 1239 2419 professionis
1251 2334 1367 2398 veritas

414 2432 621 2499 deformatur.
656 2435 737 2511 Quae
752 2437 833 2497 enim
850 2434 1003 2519 professio
1020 2449 1079 2511 est,
1091 2451 1146 2499 aut
1164 2460 1238 2520 quae
1250 2437 1367 2520 legitur

418 2558 561 2620 unquam
584 2535 678 2598 fuisse
701 2536 842 2610 societas,
857 2536 888 2599 in
915 2559 1010 2621 quam
1036 2536 1158 2601 macula
1180 2560 1242 2601 non
1267 2539 1367 2626 irrep·

418 2638 517 2703 serit?
548 2638 705 2722 Angelum
724 2642 915 2723 Apostatam
939 2638 1091 2724 legimus:
1122 2639 1153 2703 in
1177 2641 1288 2725 primis
1305 2642 1368 2707 fra·

418 2740 521 2805 tribus
536 2739 756 2825 parricidium,
771 2739 961 2827 prophetam
982 2740 1163 2824 reprobum,
1180 2742 1368 2826 Apostolum

419 2841 623 2928 proditorem,
651 2839 824 2926 discipulos
853 2839 973 2902 Christi
1004 2839 1152 2924 perfidos,
1181 2862 1237 2904 nec
1265 2855 1368 2908 tamen

418 2943 636 3030 corrumpitur
666 2944 788 3030 puritas
814 2943 1050 3029 persistentium
1079 2943 1285 3028 Angelorum,
1312 2964 1368 3014 aut

419 3046 524 3112 minus
539 3059 647 3111 sancta
662 3059 707 3108 est
720 3048 852 3109 societas
863 3044 996 3109 invicem
1010 3045 1209 3129 diligentium
1223 3048 1370 3131 fratrum,

419 3162 475 3215 aut
492 3149 668 3236 prophetiae
682 3148 785 3232 gratia
797 3160 842 3209 est
856 3147 888 3210 in
902 3144 1010 3210 electis
1025 3146 1203 3233 culpabilis,
1216 3163 1271 3215 aut
1284 3156 1370 3236 Apo-

420 3257 555 3317 stolatus
585 3250 616 3314 in
651 3248 798 3314 fidelibus
827 3247 1087 3334 contemptibilis,
1116 3263 1171 3312 aut
1205 3251 1371 3337 disciplina

420 3354 542 3420 Christi
568 3375 625 3438 per
647 3351 749 3415 varios
771 3373 893 3413 errores
920 3349 1135 3414 aberrantium
1163 3366 1210 3416 est
1235 3352 1370 3420 infamis.

423 3457 511 3521 Sicut
527 3479 605 3540 ergo
621 3453 768 3539 Angelus
785 3454 934 3517 Sathanae
950 3453 1156 3538 transfigurat
1172 3455 1250 3519 sein
1267 3461 1372 3543 Ange.

420 3559 485 3625 lum
503 3557 594 3634 lucis,
610 3570 640 3621 et
667 3555 813 3641 Apostoli
837 3555 1021 3639 pseudoad
1046 3555 1265 3622 auctoritatem
1284 3564 1372 3647 Apo-

422 3660 563 3726 stolicam
586 3658 768 3746 aspirabant
792 3658 908 3744 potius,
932 3681 1028 3745 quam
1052 3658 1092 3721 ad
1117 3660 1235 3726 vitam:
1266 3663 1316 3727 Sic
1338 3680 1371 3732 et

423 3765 614 3850 Hypocritce
629 3761 669 3825 ad
689 3760 891 3846 supercilium
916 3760 1148 3826 Pharisaeorum
1172 3767 1374 3850 confugiunt,

423 3864 593 3929 dilatantes
630 3863 837 3950 phylacteria,
866 3877 898 3927 et
937 3865 1174 3947 magnificantes
1212 3868 1372 3946 fimbrias;

423 3980 452 4030 et
475 3990 551 4053 quae
574 3966 608 4029 in
631 3962 702 4048 lege
726 3964 787 4029 Dei
811 3964 929 4049 scripta
951 3981 1036 4043 sunt,
1057 3966 1169 4031 nolunt
1192 3970 1374 4055 contingere

423 4067 536 4155 digito,
551 4066 611 4130 nisi
630 4080 665 4130 ut
682 4065 849 4130 videantur
864 4065 906 4129 ab
927 4065 1154 4147 hominibus,a
1178 4069 1297 4153 quibus
1320 4072 1375 4134 ho.

421 4172 505 4236 noris
517 4184 573 4235 aut
585 4169 717 4233 alterius
727 4168 985 4232 remunerationis
995 4169 1169 4232 mercedem
1180 4183 1374 4252 exspectant.

423 4275 502 4337 lnde
517 4286 581 4349 est,
597 4271 684 4356 quod
702 4271 781 4336 facie
797 4270 948 4356 pallorem
964 4284 1135 4344 ostentant,
1153 4269 1313 4354 profunda
1334 4274 1375 4337 ab

422 4399 481 4441 usu
513 4373 648 4440 trahunt
679 4372 828 4459 suspiria,
859 4370 1036 4435 artificiosis
1065 4384 1095 4432 et
1126 4369 1377 4452 obsequentibus
