<?xml version="1.0" encoding="UTF-8"?>
<!DOCTYPE html PUBLIC "-//W3C//DTD XHTML 1.0 Transitional//EN"
    "http://www.w3.org/TR/xhtml1/DTD/xhtml1-transitional.dtd">
<html xmlns="http://www.w3.org/1999/xhtml" xml:lang="en" lang="en">
 <head>
  <title>
</title>
<meta http-equiv="Content-Type" content="text/html;charset=utf-8" />
  <meta name='ocr-system' content='tesseract 3.04.00' />
  <meta name='ocr-capabilities' content='ocr_page ocr_carea ocr_par ocr_line ocrx_word'/>
</head>
<body>
  <div class='ocr_page' id='page_1' title='image "./joannissaresber17johngoog_0064.png"; bbox 0 0 3550 5467; ppageno 0'>
   <div class='ocr_carea' id='block_1_1' title="bbox 517 692 1473 772">
    <p class='ocr_par' dir='ltr' id='par_1_1' title="bbox 517 692 1473 772">
     <span class='ocr_line' id='line_1_1' title="bbox 517 692 1473 772; baseline 0.001 -20"><span class='ocrx_word' id='word_1_1' title='bbox 517 695 558 752; x_wconf 79' lang='grc'>54</span> <span class='ocrx_word' id='word_1_2' title='bbox 775 708 912 753; x_wconf 76' lang='lat' dir='ltr'>Josnsrs</span> <span class='ocrx_word' id='word_1_3' title='bbox 929 706 1211 753; x_wconf 76' lang='lat' dir='ltr'>sanssossrausis</span> <span class='ocrx_word' id='word_1_4' title='bbox 1325 692 1409 772; x_wconf 83' lang='lat' dir='ltr'>[urs.</span> <span class='ocrx_word' id='word_1_5' title='bbox 1428 711 1473 754; x_wconf 88' lang='lat' dir='ltr'>vr.</span> 
     </span>
    </p>
   </div>
   <div class='ocr_carea' id='block_1_2' title="bbox 592 856 1354 4024">
    <p class='ocr_par' dir='ltr' id='par_1_2' title="bbox 592 856 1354 1533">
     <span class='ocr_line' id='line_1_2' title="bbox 592 856 1354 926; baseline 0.003 -17"><span class='ocrx_word' id='word_1_6' title='bbox 592 857 627 909; x_wconf 85' lang='lat' dir='ltr'>Et</span> <span class='ocrx_word' id='word_1_7' title='bbox 639 857 745 925; x_wconf 85' lang='lat' dir='ltr'>glaucas</span> <span class='ocrx_word' id='word_1_8' title='bbox 756 856 859 922; x_wconf 76' lang='lat' dir='ltr'>salices,</span> <span class='ocrx_word' id='word_1_9' title='bbox 872 857 1030 925; x_wconf 85' lang='lat' dir='ltr'>casiamque,</span> <span class='ocrx_word' id='word_1_10' title='bbox 1043 874 1195 926; x_wconf 73' lang='lat' dir='ltr'><strong>crocumque</strong></span> <span class='ocrx_word' id='word_1_11' title='bbox 1208 857 1354 923; x_wconf 86' lang='lat' dir='ltr'>rubentem,</span> 
     </span>
     <span class='ocr_line' id='line_1_3' title="bbox 592 942 1251 1012; baseline 0.002 -17"><span class='ocrx_word' id='word_1_12' title='bbox 592 944 627 995; x_wconf 86' lang='lat' dir='ltr'>Et</span> <span class='ocrx_word' id='word_1_13' title='bbox 639 944 761 1012; x_wconf 78' lang='lat' dir='ltr'><strong>pinguem</strong></span> <span class='ocrx_word' id='word_1_14' title='bbox 773 942 865 1008; x_wconf 88' lang='lat' dir='ltr'>tiliam,</span> <span class='ocrx_word' id='word_1_15' title='bbox 878 948 905 994; x_wconf 89' lang='lat' dir='ltr'>et</span> <span class='ocrx_word' id='word_1_16' title='bbox 915 942 1077 1011; x_wconf 82' lang='lat' dir='ltr'>ferrugineos</span> <span class='ocrx_word' id='word_1_17' title='bbox 1088 943 1251 1012; x_wconf 76' lang='lat' dir='ltr'><strong>hyacinthos.</strong></span> 
     </span>
     <span class='ocr_line' id='line_1_4' title="bbox 592 1028 1299 1099; baseline 0.001 -17"><span class='ocrx_word' id='word_1_18' title='bbox 592 1029 721 1082; x_wconf 80' lang='lat' dir='ltr'>Omnibus</span> <span class='ocrx_word' id='word_1_19' title='bbox 732 1047 784 1082; x_wconf 87' lang='lat' dir='ltr'>uua</span> <span class='ocrx_word' id='word_1_20' title='bbox 795 1029 870 1098; x_wconf 89' lang='lat' dir='ltr'>quies</span> <span class='ocrx_word' id='word_1_21' title='bbox 880 1046 996 1099; x_wconf 89' lang='lat' dir='ltr'>operum,</span> <span class='ocrx_word' id='word_1_22' title='bbox 1007 1028 1082 1083; x_wconf 87' lang='lat' dir='ltr'>labor</span> <span class='ocrx_word' id='word_1_23' title='bbox 1093 1029 1212 1082; x_wconf 91' lang='lat' dir='ltr'>omnibus</span> <span class='ocrx_word' id='word_1_24' title='bbox 1224 1047 1299 1083; x_wconf 85' lang='lat' dir='ltr'>uuus.</span> 
     </span>
     <span class='ocr_line' id='line_1_5' title="bbox 595 1114 1332 1185; baseline 0.003 -18"><span class='ocrx_word' id='word_1_25' title='bbox 595 1114 676 1167; x_wconf 87' lang='lat' dir='ltr'>Mane</span> <span class='ocrx_word' id='word_1_26' title='bbox 687 1122 766 1168; x_wconf 87' lang='lat' dir='ltr'>ruunt</span> <span class='ocrx_word' id='word_1_27' title='bbox 777 1116 870 1185; x_wconf 83' lang='lat' dir='ltr'>portis:</span> <span class='ocrx_word' id='word_1_28' title='bbox 893 1133 1020 1184; x_wconf 84' lang='lat' dir='ltr'>nosquam</span> <span class='ocrx_word' id='word_1_29' title='bbox 1032 1133 1105 1169; x_wconf 87' lang='lat' dir='ltr'>mora</span> <span class='ocrx_word' id='word_1_30' title='bbox 1116 1133 1212 1181; x_wconf 87' lang='lat' dir='ltr'>rursus,</span> <span class='ocrx_word' id='word_1_31' title='bbox 1225 1116 1332 1169; x_wconf 62' lang='lat' dir='ltr'>efflem</span> 
     </span>
     <span class='ocr_line' id='line_1_6' title="bbox 596 1200 1231 1273; baseline 0.003 -21"><span class='ocrx_word' id='word_1_32' title='bbox 596 1200 696 1271; x_wconf 86' lang='lat' dir='ltr'>Vesper</span> <span class='ocrx_word' id='word_1_33' title='bbox 707 1201 752 1253; x_wconf 94' lang='lat' dir='ltr'>ubi</span> <span class='ocrx_word' id='word_1_34' title='bbox 764 1219 779 1252; x_wconf 84' lang='lat' dir='ltr'>e</span> <span class='ocrx_word' id='word_1_35' title='bbox 791 1208 867 1272; x_wconf 86' lang='lat' dir='ltr'>pastu</span> <span class='ocrx_word' id='word_1_36' title='bbox 878 1200 985 1254; x_wconf 87' lang='lat' dir='ltr'>tandem</span> <span class='ocrx_word' id='word_1_37' title='bbox 997 1202 1122 1255; x_wconf 86' lang='lat' dir='ltr'>decedere</span> <span class='ocrx_word' id='word_1_38' title='bbox 1133 1203 1231 1273; x_wconf 86' lang='lat' dir='ltr'>campis</span> 
     </span>
     <span class='ocr_line' id='line_1_7' title="bbox 593 1287 1301 1360; baseline 0.003 -22"><span class='ocrx_word' id='word_1_39' title='bbox 593 1287 746 1352; x_wconf 83' lang='lat' dir='ltr'>Admonuit,</span> <span class='ocrx_word' id='word_1_40' title='bbox 758 1294 813 1340; x_wconf 92' lang='lat' dir='ltr'>tum</span> <span class='ocrx_word' id='word_1_41' title='bbox 825 1293 895 1340; x_wconf 84' lang='lat' dir='ltr'>tecta</span> <span class='ocrx_word' id='word_1_42' title='bbox 907 1293 1007 1360; x_wconf 89' lang='lat' dir='ltr'>petunt,</span> <span class='ocrx_word' id='word_1_43' title='bbox 1019 1294 1074 1341; x_wconf 89' lang='lat' dir='ltr'>tum</span> <span class='ocrx_word' id='word_1_44' title='bbox 1086 1305 1191 1360; x_wconf 87' lang='lat' dir='ltr'>corpora</span> <span class='ocrx_word' id='word_1_45' title='bbox 1202 1295 1301 1342; x_wconf 83' lang='lat' dir='ltr'>curant.</span> 
     </span>
     <span class='ocr_line' id='line_1_8' title="bbox 594 1373 1266 1443; baseline 0.001 -17"><span class='ocrx_word' id='word_1_46' title='bbox 594 1373 639 1426; x_wconf 80' lang='lat' dir='ltr'>Fit</span> <span class='ocrx_word' id='word_1_47' title='bbox 650 1374 759 1438; x_wconf 86' lang='lat' dir='ltr'>sonitus,</span> <span class='ocrx_word' id='word_1_48' title='bbox 771 1380 939 1443; x_wconf 70' lang='lat' dir='ltr'>mussantque</span> <span class='ocrx_word' id='word_1_49' title='bbox 950 1392 1009 1428; x_wconf 88' lang='lat' dir='ltr'>oras</span> <span class='ocrx_word' id='word_1_50' title='bbox 1021 1381 1048 1428; x_wconf 90' lang='lat' dir='ltr'>et</span> <span class='ocrx_word' id='word_1_51' title='bbox 1059 1374 1150 1427; x_wconf 86' lang='lat' dir='ltr'>limina</span> <span class='ocrx_word' id='word_1_52' title='bbox 1160 1376 1266 1428; x_wconf 82' lang='lat' dir='ltr'>circum.</span> 
     </span>
     <span class='ocr_line' id='line_1_9' title="bbox 596 1460 1249 1533; baseline 0.003 -21"><span class='ocrx_word' id='word_1_53' title='bbox 596 1460 660 1512; x_wconf 83' lang='lat' dir='ltr'>Post</span> <span class='ocrx_word' id='word_1_54' title='bbox 672 1461 715 1513; x_wconf 92' lang='lat' dir='ltr'>ubi</span> <span class='ocrx_word' id='word_1_55' title='bbox 724 1462 782 1532; x_wconf 88' lang='lat' dir='ltr'>jam</span> <span class='ocrx_word' id='word_1_56' title='bbox 793 1460 916 1513; x_wconf 77' lang='lat' dir='ltr'>thalamis</span> <span class='ocrx_word' id='word_1_57' title='bbox 928 1478 957 1514; x_wconf 93' lang='lat' dir='ltr'>se</span> <span class='ocrx_word' id='word_1_58' title='bbox 969 1478 1146 1533; x_wconf 82' lang='lat' dir='ltr'>composuere,</span> <span class='ocrx_word' id='word_1_59' title='bbox 1157 1460 1249 1515; x_wconf 88' lang='lat' dir='ltr'>siletur</span> 
     </span>
    </p>

    <p class='ocr_par' dir='ltr' id='par_1_3' title="bbox 596 1546 1265 1619">
     <span class='ocr_line' id='line_1_10' title="bbox 596 1546 1265 1619; baseline 0 -20"><span class='ocrx_word' id='word_1_60' title='bbox 596 1546 627 1598; x_wconf 89' lang='lat' dir='ltr'>lu</span> <span class='ocrx_word' id='word_1_61' title='bbox 639 1553 751 1611; x_wconf 82' lang='lat' dir='ltr'>noctem,</span> <span class='ocrx_word' id='word_1_62' title='bbox 761 1546 897 1616; x_wconf 82' lang='lat' dir='ltr'>fessosque</span> <span class='ocrx_word' id='word_1_63' title='bbox 908 1564 983 1618; x_wconf 87' lang='lat' dir='ltr'>sopor</span> <span class='ocrx_word' id='word_1_64' title='bbox 994 1565 1055 1600; x_wconf 87' lang='lat' dir='ltr'>suus</span> <span class='ocrx_word' id='word_1_65' title='bbox 1066 1554 1175 1619; x_wconf 81' lang='lat' dir='ltr'>occupat</span> <span class='ocrx_word' id='word_1_66' title='bbox 1185 1554 1265 1601; x_wconf 68' lang='lat' dir='ltr'>artius</span> 
     </span>
    </p>

    <p class='ocr_par' dir='ltr' id='par_1_4' title="bbox 594 1632 1288 1960">
     <span class='ocr_line' id='line_1_11' title="bbox 594 1632 1284 1705; baseline 0.004 -21"><span class='ocrx_word' id='word_1_67' title='bbox 594 1632 621 1684; x_wconf 94' lang='lat' dir='ltr'>N</span> <span class='ocrx_word' id='word_1_68' title='bbox 624 1650 653 1685; x_wconf 89' lang='lat' dir='ltr'>ec</span> <span class='ocrx_word' id='word_1_69' title='bbox 665 1652 725 1687; x_wconf 83' lang='lat' dir='ltr'>vero</span> <span class='ocrx_word' id='word_1_70' title='bbox 737 1652 753 1686; x_wconf 84' lang='lat' dir='ltr'>a</span> <span class='ocrx_word' id='word_1_71' title='bbox 763 1633 874 1686; x_wconf 85' lang='lat' dir='ltr'>stabulis</span> <span class='ocrx_word' id='word_1_72' title='bbox 885 1632 972 1705; x_wconf 84' lang='lat' dir='ltr'>pluvia</span> <span class='ocrx_word' id='word_1_73' title='bbox 983 1634 1149 1705; x_wconf 86' lang='lat' dir='ltr'>impendente</span> <span class='ocrx_word' id='word_1_74' title='bbox 1159 1635 1284 1687; x_wconf 89' lang='lat' dir='ltr'>recedunt</span> 
     </span>
     <span class='ocr_line' id='line_1_12' title="bbox 594 1717 1288 1785; baseline -0.003 -15"><span class='ocrx_word' id='word_1_75' title='bbox 594 1719 719 1785; x_wconf 77' lang='lat' dir='ltr'>Longius,</span> <span class='ocrx_word' id='word_1_76' title='bbox 731 1724 777 1771; x_wconf 87' lang='lat' dir='ltr'>sut</span> <span class='ocrx_word' id='word_1_77' title='bbox 787 1718 896 1770; x_wconf 68' lang='lat' dir='ltr'>aedunt</span> <span class='ocrx_word' id='word_1_78' title='bbox 907 1717 973 1771; x_wconf 82' lang='lat' dir='ltr'>coelo</span> <span class='ocrx_word' id='word_1_79' title='bbox 984 1718 1185 1770; x_wconf 78' lang='lat' dir='ltr'>adventantibus</span> <span class='ocrx_word' id='word_1_80' title='bbox 1197 1718 1288 1771; x_wconf 84' lang='lat' dir='ltr'>Euris:</span> 
     </span>
     <span class='ocr_line' id='line_1_13' title="bbox 594 1803 1256 1872; baseline 0.002 -17"><span class='ocrx_word' id='word_1_81' title='bbox 594 1803 647 1856; x_wconf 83' lang='lat' dir='ltr'>Sed</span> <span class='ocrx_word' id='word_1_82' title='bbox 658 1805 753 1856; x_wconf 88' lang='lat' dir='ltr'>circum</span> <span class='ocrx_word' id='word_1_83' title='bbox 764 1810 829 1857; x_wconf 80' lang='lat' dir='ltr'>tutae</span> <span class='ocrx_word' id='word_1_84' title='bbox 841 1804 889 1856; x_wconf 90' lang='lat' dir='ltr'>sub</span> <span class='ocrx_word' id='word_1_85' title='bbox 899 1804 1027 1856; x_wconf 87' lang='lat' dir='ltr'>moeuibus</span> <span class='ocrx_word' id='word_1_86' title='bbox 1038 1804 1109 1856; x_wconf 88' lang='lat' dir='ltr'>urbis</span> <span class='ocrx_word' id='word_1_87' title='bbox 1120 1810 1256 1872; x_wconf 84' lang='lat' dir='ltr'>aquantur,</span> 
     </span>
     <span class='ocr_line' id='line_1_14' title="bbox 595 1887 1256 1960; baseline 0 -21"><span class='ocrx_word' id='word_1_88' title='bbox 595 1888 775 1954; x_wconf 80' lang='lat' dir='ltr'>Excursusque</span> <span class='ocrx_word' id='word_1_89' title='bbox 786 1888 878 1939; x_wconf 83' lang='lat' dir='ltr'>breves</span> <span class='ocrx_word' id='word_1_90' title='bbox 887 1892 1004 1939; x_wconf 82' lang='lat' dir='ltr'>tentant:</span> <span class='ocrx_word' id='word_1_91' title='bbox 1024 1895 1051 1939; x_wconf 90' lang='lat' dir='ltr'>et</span> <span class='ocrx_word' id='word_1_92' title='bbox 1062 1904 1133 1958; x_wconf 70' lang='lat' dir='ltr'>saepe</span> <span class='ocrx_word' id='word_1_93' title='bbox 1144 1887 1256 1960; x_wconf 83' lang='lat' dir='ltr'>lapillos,</span> 
     </span>
    </p>

    <p class='ocr_par' dir='ltr' id='par_1_5' title="bbox 596 1969 1266 2127">
     <span class='ocr_line' id='line_1_15' title="bbox 597 1969 1266 2041; baseline 0 -19"><span class='ocrx_word' id='word_1_94' title='bbox 597 1973 635 2023; x_wconf 90' lang='lat' dir='ltr'>Ut</span> <span class='ocrx_word' id='word_1_95' title='bbox 646 1971 746 2038; x_wconf 71' lang='lat' dir='ltr'>cymbae</span> <span class='ocrx_word' id='word_1_96' title='bbox 758 1969 893 2022; x_wconf 85' lang='lat' dir='ltr'>instabiles</span> <span class='ocrx_word' id='word_1_97' title='bbox 905 1969 985 2022; x_wconf 88' lang='lat' dir='ltr'>fluctu</span> <span class='ocrx_word' id='word_1_98' title='bbox 994 1973 1112 2041; x_wconf 86' lang='lat' dir='ltr'>jactante</span> <span class='ocrx_word' id='word_1_99' title='bbox 1124 1970 1266 2033; x_wconf 87' lang='lat' dir='ltr'>suburram,</span> 
     </span>
     <span class='ocr_line' id='line_1_16' title="bbox 596 2054 1204 2127; baseline 0 -21"><span class='ocrx_word' id='word_1_100' title='bbox 596 2054 711 2119; x_wconf 86' lang='lat' dir='ltr'>Tolluut,</span> <span class='ocrx_word' id='word_1_101' title='bbox 722 2054 764 2107; x_wconf 89' lang='lat' dir='ltr'>bis</span> <span class='ocrx_word' id='word_1_102' title='bbox 776 2072 834 2107; x_wconf 84' lang='lat' dir='ltr'>sese</span> <span class='ocrx_word' id='word_1_103' title='bbox 846 2073 892 2127; x_wconf 90' lang='lat' dir='ltr'>per</span> <span class='ocrx_word' id='word_1_104' title='bbox 903 2056 991 2107; x_wconf 82' lang='lat' dir='ltr'>inania</span> <span class='ocrx_word' id='word_1_105' title='bbox 1002 2054 1090 2107; x_wconf 91' lang='lat' dir='ltr'>nubila</span> <span class='ocrx_word' id='word_1_106' title='bbox 1101 2054 1204 2106; x_wconf 85' lang='lat' dir='ltr'>librant.</span> 
     </span>
    </p>

    <p class='ocr_par' dir='ltr' id='par_1_6' title="bbox 594 2140 1316 2470">
     <span class='ocr_line' id='line_1_17' title="bbox 595 2140 1252 2212; baseline -0.002 -19"><span class='ocrx_word' id='word_1_107' title='bbox 595 2140 672 2194; x_wconf 92' lang='lat' dir='ltr'>Illum</span> <span class='ocrx_word' id='word_1_108' title='bbox 684 2142 750 2193; x_wconf 84' lang='lat' dir='ltr'>adeo</span> <span class='ocrx_word' id='word_1_109' title='bbox 761 2140 891 2212; x_wconf 81' lang='lat' dir='ltr'>placuisse</span> <span class='ocrx_word' id='word_1_110' title='bbox 902 2141 995 2212; x_wconf 88' lang='lat' dir='ltr'>apibus</span> <span class='ocrx_word' id='word_1_111' title='bbox 1006 2141 1134 2194; x_wconf 86' lang='lat' dir='ltr'>mirabere</span> <span class='ocrx_word' id='word_1_112' title='bbox 1146 2158 1252 2205; x_wconf 89' lang='lat' dir='ltr'>morem,</span> 
     </span>
     <span class='ocr_line' id='line_1_18' title="bbox 594 2226 1316 2299; baseline -0.003 -21"><span class='ocrx_word' id='word_1_113' title='bbox 594 2228 669 2292; x_wconf 87' lang='lat' dir='ltr'>Quod</span> <span class='ocrx_word' id='word_1_114' title='bbox 682 2244 728 2279; x_wconf 88' lang='lat' dir='ltr'>nec</span> <span class='ocrx_word' id='word_1_115' title='bbox 739 2228 875 2279; x_wconf 90' lang='lat' dir='ltr'>concubitu</span> <span class='ocrx_word' id='word_1_116' title='bbox 887 2226 1034 2294; x_wconf 77' lang='lat' dir='ltr'>indulgent,</span> <span class='ocrx_word' id='word_1_117' title='bbox 1045 2245 1093 2279; x_wconf 88' lang='lat' dir='ltr'>uec</span> <span class='ocrx_word' id='word_1_118' title='bbox 1105 2244 1210 2299; x_wconf 88' lang='lat' dir='ltr'>corpora</span> <span class='ocrx_word' id='word_1_119' title='bbox 1221 2243 1316 2293; x_wconf 77' lang='lat' dir='ltr'>segnes</span> 
     </span>
     <span class='ocr_line' id='line_1_19' title="bbox 596 2311 1263 2377; baseline -0.001 -13"><span class='ocrx_word' id='word_1_120' title='bbox 596 2314 627 2364; x_wconf 91' lang='lat' dir='ltr'>ln</span> <span class='ocrx_word' id='word_1_121' title='bbox 642 2313 773 2365; x_wconf 79' lang='lat' dir='ltr'>Venerem</span> <span class='ocrx_word' id='word_1_122' title='bbox 784 2312 895 2377; x_wconf 82' lang='lat' dir='ltr'>solvunt,</span> <span class='ocrx_word' id='word_1_123' title='bbox 905 2318 952 2365; x_wconf 89' lang='lat' dir='ltr'>aut</span> <span class='ocrx_word' id='word_1_124' title='bbox 963 2311 1043 2365; x_wconf 77' lang='lat' dir='ltr'>soebrs</span> <span class='ocrx_word' id='word_1_125' title='bbox 1054 2314 1160 2365; x_wconf 85' lang='lat' dir='ltr'>nixibus</span> <span class='ocrx_word' id='word_1_126' title='bbox 1172 2312 1263 2365; x_wconf 89' lang='lat' dir='ltr'>edunt:</span> 
     </span>
     <span class='ocr_line' id='line_1_20' title="bbox 598 2397 1221 2470; baseline 0.003 -20"><span class='ocrx_word' id='word_1_127' title='bbox 598 2398 696 2452; x_wconf 89' lang='lat' dir='ltr'>Verum</span> <span class='ocrx_word' id='word_1_128' title='bbox 707 2401 772 2470; x_wconf 86' lang='lat' dir='ltr'>ipsae</span> <span class='ocrx_word' id='word_1_129' title='bbox 785 2397 853 2451; x_wconf 82' lang='lat' dir='ltr'>soliis</span> <span class='ocrx_word' id='word_1_130' title='bbox 865 2409 950 2465; x_wconf 86' lang='lat' dir='ltr'>natos,</span> <span class='ocrx_word' id='word_1_131' title='bbox 962 2406 990 2452; x_wconf 90' lang='lat' dir='ltr'>et</span> <span class='ocrx_word' id='word_1_132' title='bbox 1000 2400 1122 2453; x_wconf 83' lang='lat' dir='ltr'>suavibus</span> <span class='ocrx_word' id='word_1_133' title='bbox 1133 2399 1221 2452; x_wconf 87' lang='lat' dir='ltr'>herbis</span> 
     </span>
    </p>

    <p class='ocr_par' dir='ltr' id='par_1_7' title="bbox 595 2484 1243 2642">
     <span class='ocr_line' id='line_1_21' title="bbox 595 2484 1243 2558; baseline 0 -21"><span class='ocrx_word' id='word_1_134' title='bbox 595 2486 649 2538; x_wconf 83' lang='lat' dir='ltr'>Ore</span> <span class='ocrx_word' id='word_1_135' title='bbox 661 2485 765 2553; x_wconf 81' lang='lat' dir='ltr'>legunt:</span> <span class='ocrx_word' id='word_1_136' title='bbox 784 2487 849 2557; x_wconf 83' lang='lat' dir='ltr'>ipsae</span> <span class='ocrx_word' id='word_1_137' title='bbox 860 2504 961 2554; x_wconf 88' lang='lat' dir='ltr'>regem,</span> <span class='ocrx_word' id='word_1_138' title='bbox 973 2504 1114 2558; x_wconf 89' lang='lat' dir='ltr'>parvosque</span> <span class='ocrx_word' id='word_1_139' title='bbox 1125 2484 1243 2548; x_wconf 88' lang='lat' dir='ltr'>Quirites</span> 
     </span>
     <span class='ocr_line' id='line_1_22' title="bbox 595 2571 1232 2642; baseline 0.002 -19"><span class='ocrx_word' id='word_1_140' title='bbox 595 2571 743 2636; x_wconf 87' lang='lat' dir='ltr'>Sufficiunt,</span> <span class='ocrx_word' id='word_1_141' title='bbox 755 2571 878 2642; x_wconf 86' lang='lat' dir='ltr'>aulasque</span> <span class='ocrx_word' id='word_1_142' title='bbox 891 2578 919 2625; x_wconf 90' lang='lat' dir='ltr'>et</span> <span class='ocrx_word' id='word_1_143' title='bbox 930 2591 1006 2626; x_wconf 88' lang='lat' dir='ltr'>cerea</span> <span class='ocrx_word' id='word_1_144' title='bbox 1017 2590 1098 2642; x_wconf 88' lang='lat' dir='ltr'>regna</span> <span class='ocrx_word' id='word_1_145' title='bbox 1109 2571 1232 2641; x_wconf 85' lang='lat' dir='ltr'>refigunt.</span> 
     </span>
    </p>

    <p class='ocr_par' dir='ltr' id='par_1_8' title="bbox 594 2657 1288 2989">
     <span class='ocr_line' id='line_1_23' title="bbox 595 2657 1187 2730; baseline 0 -20"><span class='ocrx_word' id='word_1_146' title='bbox 595 2659 672 2730; x_wconf 74' lang='lat' dir='ltr'>Saepe</span> <span class='ocrx_word' id='word_1_147' title='bbox 684 2660 763 2711; x_wconf 88' lang='lat' dir='ltr'>eliam</span> <span class='ocrx_word' id='word_1_148' title='bbox 776 2659 847 2712; x_wconf 90' lang='lat' dir='ltr'>duris</span> <span class='ocrx_word' id='word_1_149' title='bbox 859 2659 968 2712; x_wconf 88' lang='lat' dir='ltr'>errando</span> <span class='ocrx_word' id='word_1_150' title='bbox 979 2659 1006 2711; x_wconf 89' lang='lat' dir='ltr'>iu</span> <span class='ocrx_word' id='word_1_151' title='bbox 1018 2659 1119 2712; x_wconf 84' lang='lat' dir='ltr'>cotibus</span> <span class='ocrx_word' id='word_1_152' title='bbox 1130 2657 1187 2711; x_wconf 89' lang='lat' dir='ltr'>alas</span> 
     </span>
     <span class='ocr_line' id='line_1_24' title="bbox 594 2745 1288 2815; baseline 0 -18"><span class='ocrx_word' id='word_1_153' title='bbox 594 2746 737 2811; x_wconf 83' lang='lat' dir='ltr'>Attrivere,</span> <span class='ocrx_word' id='word_1_154' title='bbox 749 2745 866 2815; x_wconf 84' lang='lat' dir='ltr'>ultroque</span> <span class='ocrx_word' id='word_1_155' title='bbox 878 2747 992 2799; x_wconf 90' lang='lat' dir='ltr'>animam</span> <span class='ocrx_word' id='word_1_156' title='bbox 1003 2745 1053 2799; x_wconf 87' lang='lat' dir='ltr'>sub</span> <span class='ocrx_word' id='word_1_157' title='bbox 1064 2745 1135 2798; x_wconf 85' lang='lat' dir='ltr'>fasce</span> <span class='ocrx_word' id='word_1_158' title='bbox 1147 2745 1288 2798; x_wconf 84' lang='lat' dir='ltr'>dederunt:</span> 
     </span>
     <span class='ocr_line' id='line_1_25' title="bbox 596 2831 1288 2901; baseline 0.001 -19"><span class='ocrx_word' id='word_1_159' title='bbox 596 2831 699 2884; x_wconf 86' lang='lat' dir='ltr'>Tantus</span> <span class='ocrx_word' id='word_1_160' title='bbox 710 2849 780 2885; x_wconf 88' lang='lat' dir='ltr'>umor</span> <span class='ocrx_word' id='word_1_161' title='bbox 791 2833 893 2898; x_wconf 84' lang='lat' dir='ltr'>florum,</span> <span class='ocrx_word' id='word_1_162' title='bbox 905 2838 932 2885; x_wconf 93' lang='lat' dir='ltr'>et</span> <span class='ocrx_word' id='word_1_163' title='bbox 943 2832 1088 2901; x_wconf 87' lang='lat' dir='ltr'>generandi</span> <span class='ocrx_word' id='word_1_164' title='bbox 1099 2831 1183 2899; x_wconf 87' lang='lat' dir='ltr'>gloria</span> <span class='ocrx_word' id='word_1_165' title='bbox 1193 2831 1288 2884; x_wconf 86' lang='lat' dir='ltr'>mellis.</span> 
     </span>
     <span class='ocr_line' id='line_1_26' title="bbox 597 2917 1190 2989; baseline 0.002 -20"><span class='ocrx_word' id='word_1_166' title='bbox 597 2917 668 2985; x_wconf 80' lang='lat' dir='ltr'>Ergo</span> <span class='ocrx_word' id='word_1_167' title='bbox 678 2919 749 2989; x_wconf 86' lang='lat' dir='ltr'>ipsus</span> <span class='ocrx_word' id='word_1_168' title='bbox 759 2920 875 2986; x_wconf 79' lang='lat' dir='ltr'>qcmmvis</span> <span class='ocrx_word' id='word_1_169' title='bbox 886 2920 990 2987; x_wconf 87' lang='lat' dir='ltr'>angusti</span> <span class='ocrx_word' id='word_1_170' title='bbox 1003 2919 1127 2971; x_wconf 85' lang='lat' dir='ltr'>terminus</span> <span class='ocrx_word' id='word_1_171' title='bbox 1139 2920 1190 2971; x_wconf 77' lang='lat' dir='ltr'>aevi</span> 
     </span>
    </p>

    <p class='ocr_par' dir='ltr' id='par_1_9' title="bbox 595 3002 1354 3677">
     <span class='ocr_line' id='line_1_27' title="bbox 598 3002 1330 3077; baseline 0.003 -23"><span class='ocrx_word' id='word_1_172' title='bbox 598 3003 728 3074; x_wconf 80' lang='lat' dir='ltr'>Excipiet,</span> <span class='ocrx_word' id='word_1_173' title='bbox 739 3002 840 3075; x_wconf 88' lang='lat' dir='ltr'>(neque</span> <span class='ocrx_word' id='word_1_174' title='bbox 852 3006 923 3057; x_wconf 89' lang='lat' dir='ltr'>enim</span> <span class='ocrx_word' id='word_1_175' title='bbox 935 3004 993 3077; x_wconf 89' lang='lat' dir='ltr'>plus</span> <span class='ocrx_word' id='word_1_176' title='bbox 1004 3006 1116 3076; x_wconf 88' lang='lat' dir='ltr'>septima</span> <span class='ocrx_word' id='word_1_177' title='bbox 1128 3005 1227 3057; x_wconf 81' lang='lat' dir='ltr'>ducitur</span> <span class='ocrx_word' id='word_1_178' title='bbox 1239 3007 1330 3067; x_wconf 76' lang='lat' dir='ltr'>ustas)</span> 
     </span>
     <span class='ocr_line' id='line_1_28' title="bbox 595 3090 1299 3164; baseline 0.003 -23"><span class='ocrx_word' id='word_1_179' title='bbox 595 3091 634 3142; x_wconf 79' lang='lat' dir='ltr'>At</span> <span class='ocrx_word' id='word_1_180' title='bbox 644 3108 729 3158; x_wconf 89' lang='lat' dir='ltr'>genus</span> <span class='ocrx_word' id='word_1_181' title='bbox 739 3090 885 3144; x_wconf 85' lang='lat' dir='ltr'>immortale</span> <span class='ocrx_word' id='word_1_182' title='bbox 896 3097 994 3157; x_wconf 89' lang='lat' dir='ltr'>manet,</span> <span class='ocrx_word' id='word_1_183' title='bbox 1006 3091 1150 3162; x_wconf 71' lang='lat' dir='ltr'>multisque</span> <span class='ocrx_word' id='word_1_184' title='bbox 1161 3110 1207 3164; x_wconf 89' lang='lat' dir='ltr'>per</span> <span class='ocrx_word' id='word_1_185' title='bbox 1218 3107 1299 3143; x_wconf 86' lang='lat' dir='ltr'>anuos</span> 
     </span>
     <span class='ocr_line' id='line_1_29' title="bbox 596 3175 1275 3243; baseline 0.001 -15"><span class='ocrx_word' id='word_1_186' title='bbox 596 3176 656 3229; x_wconf 88' lang='lat' dir='ltr'>Stat</span> <span class='ocrx_word' id='word_1_187' title='bbox 666 3175 768 3230; x_wconf 83' lang='lat' dir='ltr'>fortuna</span> <span class='ocrx_word' id='word_1_188' title='bbox 779 3178 880 3243; x_wconf 90' lang='lat' dir='ltr'>domus,</span> <span class='ocrx_word' id='word_1_189' title='bbox 893 3184 921 3231; x_wconf 90' lang='lat' dir='ltr'>et</span> <span class='ocrx_word' id='word_1_190' title='bbox 931 3180 973 3231; x_wconf 83' lang='lat' dir='ltr'>avi</span> <span class='ocrx_word' id='word_1_191' title='bbox 985 3184 1150 3232; x_wconf 86' lang='lat' dir='ltr'>numerantur</span> <span class='ocrx_word' id='word_1_192' title='bbox 1162 3194 1275 3231; x_wconf 84' lang='lat' dir='ltr'>avorum.</span> 
     </span>
     <span class='ocr_line' id='line_1_30' title="bbox 596 3265 1233 3338; baseline 0 -22"><span class='ocrx_word' id='word_1_193' title='bbox 596 3265 725 3316; x_wconf 74' lang='lat' dir='ltr'>Praeterea</span> <span class='ocrx_word' id='word_1_194' title='bbox 735 3281 825 3334; x_wconf 85' lang='lat' dir='ltr'>regem</span> <span class='ocrx_word' id='word_1_195' title='bbox 835 3283 887 3316; x_wconf 92' lang='lat' dir='ltr'>uon</span> <span class='ocrx_word' id='word_1_196' title='bbox 898 3267 936 3318; x_wconf 91' lang='lat' dir='ltr'>sic</span> <span class='ocrx_word' id='word_1_197' title='bbox 949 3267 1090 3338; x_wconf 79' lang='lat' dir='ltr'>AEgyptus,</span> <span class='ocrx_word' id='word_1_198' title='bbox 1101 3266 1233 3331; x_wconf 81' lang='lat' dir='ltr'>elingens</span> 
     </span>
     <span class='ocr_line' id='line_1_31' title="bbox 595 3347 1354 3419; baseline 0 -20"><span class='ocrx_word' id='word_1_199' title='bbox 595 3347 692 3416; x_wconf 81' lang='lat' dir='ltr'>Lydia:</span> <span class='ocrx_word' id='word_1_200' title='bbox 710 3365 759 3400; x_wconf 88' lang='lat' dir='ltr'>nec</span> <span class='ocrx_word' id='word_1_201' title='bbox 770 3347 857 3419; x_wconf 89' lang='lat' dir='ltr'>populi</span> <span class='ocrx_word' id='word_1_202' title='bbox 871 3348 1034 3415; x_wconf 84' lang='lat' dir='ltr'>Partbomm,</span> <span class='ocrx_word' id='word_1_203' title='bbox 1046 3361 1092 3402; x_wconf 84' lang='lat' dir='ltr'>aut</span> <span class='ocrx_word' id='word_1_204' title='bbox 1104 3350 1200 3402; x_wconf 88' lang='lat' dir='ltr'>Medus</span> <span class='ocrx_word' id='word_1_205' title='bbox 1214 3347 1354 3418; x_wconf 86' lang='lat' dir='ltr'>Hydaspes</span> 
     </span>
     <span class='ocr_line' id='line_1_32' title="bbox 596 3433 1308 3502; baseline -0.001 -18"><span class='ocrx_word' id='word_1_206' title='bbox 596 3433 755 3485; x_wconf 85' lang='lat' dir='ltr'>Observant:</span> <span class='ocrx_word' id='word_1_207' title='bbox 774 3452 836 3502; x_wconf 89' lang='lat' dir='ltr'>rege</span> <span class='ocrx_word' id='word_1_208' title='bbox 847 3435 970 3488; x_wconf 89' lang='lat' dir='ltr'>incolumi</span> <span class='ocrx_word' id='word_1_209' title='bbox 980 3452 1053 3489; x_wconf 87' lang='lat' dir='ltr'>maus</span> <span class='ocrx_word' id='word_1_210' title='bbox 1063 3434 1182 3488; x_wconf 91' lang='lat' dir='ltr'>omuibus</span> <span class='ocrx_word' id='word_1_211' title='bbox 1194 3450 1245 3485; x_wconf 90' lang='lat' dir='ltr'>uua</span> <span class='ocrx_word' id='word_1_212' title='bbox 1256 3438 1308 3495; x_wconf 85' lang='lat' dir='ltr'>est;</span> 
     </span>
     <span class='ocr_line' id='line_1_33' title="bbox 595 3517 1215 3592; baseline 0 -23"><span class='ocrx_word' id='word_1_213' title='bbox 595 3518 712 3583; x_wconf 84' lang='lat' dir='ltr'>Amisso,</span> <span class='ocrx_word' id='word_1_214' title='bbox 723 3538 815 3592; x_wconf 88' lang='lat' dir='ltr'>rupere</span> <span class='ocrx_word' id='word_1_215' title='bbox 827 3520 917 3587; x_wconf 76' lang='lat' dir='ltr'>fldem,</span> <span class='ocrx_word' id='word_1_216' title='bbox 929 3527 1124 3588; x_wconf 79' lang='lat' dir='ltr'>constructaque</span> <span class='ocrx_word' id='word_1_217' title='bbox 1135 3517 1215 3571; x_wconf 87' lang='lat' dir='ltr'>mella</span> 
     </span>
     <span class='ocr_line' id='line_1_34' title="bbox 599 3604 1197 3677; baseline -0.002 -21"><span class='ocrx_word' id='word_1_218' title='bbox 599 3604 734 3676; x_wconf 89' lang='lat' dir='ltr'>Diripuere</span> <span class='ocrx_word' id='word_1_219' title='bbox 745 3607 816 3677; x_wconf 76' lang='lat' dir='ltr'>ipsae,</span> <span class='ocrx_word' id='word_1_220' title='bbox 829 3613 856 3661; x_wconf 89' lang='lat' dir='ltr'>et</span> <span class='ocrx_word' id='word_1_221' title='bbox 867 3614 953 3661; x_wconf 87' lang='lat' dir='ltr'>crates</span> <span class='ocrx_word' id='word_1_222' title='bbox 964 3607 1063 3662; x_wconf 86' lang='lat' dir='ltr'>solvere</span> <span class='ocrx_word' id='word_1_223' title='bbox 1073 3604 1197 3659; x_wconf 80' lang='lat' dir='ltr'>favorum.</span> 
     </span>
    </p>

    <p class='ocr_par' dir='ltr' id='par_1_10' title="bbox 595 3690 1346 4024">
     <span class='ocr_line' id='line_1_35' title="bbox 596 3690 1275 3761; baseline 0 -19"><span class='ocrx_word' id='word_1_224' title='bbox 596 3690 646 3743; x_wconf 90' lang='lat' dir='ltr'>llle</span> <span class='ocrx_word' id='word_1_225' title='bbox 657 3709 763 3761; x_wconf 88' lang='lat' dir='ltr'>operum</span> <span class='ocrx_word' id='word_1_226' title='bbox 774 3700 869 3759; x_wconf 81' lang='lat' dir='ltr'>eustos,</span> <span class='ocrx_word' id='word_1_227' title='bbox 880 3693 955 3747; x_wconf 92' lang='lat' dir='ltr'>illum</span> <span class='ocrx_word' id='word_1_228' title='bbox 967 3694 1134 3755; x_wconf 69' lang='lat' dir='ltr'>numanam,</span> <span class='ocrx_word' id='word_1_229' title='bbox 1146 3697 1173 3743; x_wconf 84' lang='lat' dir='ltr'>et</span> <span class='ocrx_word' id='word_1_230' title='bbox 1185 3708 1275 3743; x_wconf 87' lang='lat' dir='ltr'>omncs</span> 
     </span>
     <span class='ocr_line' id='line_1_36' title="bbox 595 3775 1325 3849; baseline -0.003 -19"><span class='ocrx_word' id='word_1_231' title='bbox 595 3778 771 3832; x_wconf 86' lang='lat' dir='ltr'>Circumstant</span> <span class='ocrx_word' id='word_1_232' title='bbox 782 3779 886 3833; x_wconf 81' lang='lat' dir='ltr'>fremitu</span> <span class='ocrx_word' id='word_1_233' title='bbox 898 3779 987 3844; x_wconf 90' lang='lat' dir='ltr'>denso,</span> <span class='ocrx_word' id='word_1_234' title='bbox 999 3779 1155 3849; x_wconf 71' lang='lat' dir='ltr'>stipantque</span> <span class='ocrx_word' id='word_1_235' title='bbox 1166 3775 1325 3845; x_wconf 76' lang='lat' dir='ltr'>frequentes.</span> 
     </span>
     <span class='ocr_line' id='line_1_37' title="bbox 598 3862 1224 3936; baseline 0 -21"><span class='ocrx_word' id='word_1_236' title='bbox 598 3864 633 3916; x_wconf 82' lang='lat' dir='ltr'>Et</span> <span class='ocrx_word' id='word_1_237' title='bbox 644 3880 715 3936; x_wconf 81' lang='lat' dir='ltr'>saepc</span> <span class='ocrx_word' id='word_1_238' title='bbox 727 3865 850 3919; x_wconf 86' lang='lat' dir='ltr'>attollunt</span> <span class='ocrx_word' id='word_1_239' title='bbox 860 3864 984 3928; x_wconf 87' lang='lat' dir='ltr'>humeris,</span> <span class='ocrx_word' id='word_1_240' title='bbox 996 3869 1023 3915; x_wconf 92' lang='lat' dir='ltr'>et</span> <span class='ocrx_word' id='word_1_241' title='bbox 1035 3880 1142 3934; x_wconf 92' lang='lat' dir='ltr'>corpora</span> <span class='ocrx_word' id='word_1_242' title='bbox 1154 3862 1224 3916; x_wconf 89' lang='lat' dir='ltr'>bello</span> 
     </span>
     <span class='ocr_line' id='line_1_38' title="bbox 595 3948 1346 4024; baseline -0.001 -23"><span class='ocrx_word' id='word_1_243' title='bbox 595 3950 746 4022; x_wconf 85' lang='lat' dir='ltr'>Objectaut,</span> <span class='ocrx_word' id='word_1_244' title='bbox 757 3952 940 4024; x_wconf 87' lang='lat' dir='ltr'>pulchramque</span> <span class='ocrx_word' id='word_1_245' title='bbox 952 3954 1046 4018; x_wconf 89' lang='lat' dir='ltr'>petunt</span> <span class='ocrx_word' id='word_1_246' title='bbox 1057 3967 1102 4021; x_wconf 86' lang='lat' dir='ltr'>per</span> <span class='ocrx_word' id='word_1_247' title='bbox 1114 3948 1220 4002; x_wconf 86' lang='lat' dir='ltr'>vulnera</span> <span class='ocrx_word' id='word_1_248' title='bbox 1231 3954 1346 4001; x_wconf 91' lang='lat' dir='ltr'>mortem.</span> 
     </span>
    </p>
   </div>
   <div class='ocr_carea' id='block_1_3' title="bbox 522 4123 1480 4413">
    <p class='ocr_par' dir='ltr' id='par_1_11' title="bbox 522 4123 1480 4413">
     <span class='ocr_line' id='line_1_39' title="bbox 525 4123 1477 4210; baseline -0.002 -21"><span class='ocrx_word' id='word_1_249' title='bbox 525 4124 727 4210; x_wconf 82' lang='lat' dir='ltr'>lleipublicae</span> <span class='ocrx_word' id='word_1_250' title='bbox 742 4143 852 4187; x_wconf 88' lang='lat' dir='ltr'>omnes</span> <span class='ocrx_word' id='word_1_251' title='bbox 867 4130 1014 4186; x_wconf 87' lang='lat' dir='ltr'>auctores</span> <span class='ocrx_word' id='word_1_252' title='bbox 1029 4141 1190 4203; x_wconf 78' lang='lat' dir='ltr'>percurro,</span> <span class='ocrx_word' id='word_1_253' title='bbox 1205 4142 1309 4184; x_wconf 82' lang='lat' dir='ltr'>rerum</span> <span class='ocrx_word' id='word_1_254' title='bbox 1332 4123 1477 4204; x_wconf 84' lang='lat' dir='ltr'>publicu·</span> 
     </span>
     <span class='ocr_line' id='line_1_40' title="bbox 525 4222 1480 4302; baseline -0.001 -12"><span class='ocrx_word' id='word_1_255' title='bbox 525 4250 594 4291; x_wconf 91' lang='lat' dir='ltr'>rum</span> <span class='ocrx_word' id='word_1_256' title='bbox 612 4229 736 4291; x_wconf 80' lang='lat' dir='ltr'>revolvo</span> <span class='ocrx_word' id='word_1_257' title='bbox 757 4224 918 4302; x_wconf 85' lang='lat' dir='ltr'>historias,</span> <span class='ocrx_word' id='word_1_258' title='bbox 933 4223 999 4287; x_wconf 81' lang='lat' dir='ltr'>vita</span> <span class='ocrx_word' id='word_1_259' title='bbox 1014 4222 1116 4288; x_wconf 85' lang='lat' dir='ltr'>civilis</span> <span class='ocrx_word' id='word_1_260' title='bbox 1140 4223 1198 4286; x_wconf 88' lang='lat' dir='ltr'>libi</span> <span class='ocrx_word' id='word_1_261' title='bbox 1222 4224 1339 4287; x_wconf 86' lang='lat' dir='ltr'>rectius</span> <span class='ocrx_word' id='word_1_262' title='bbox 1362 4235 1395 4287; x_wconf 87' lang='lat' dir='ltr'>el</span> <span class='ocrx_word' id='word_1_263' title='bbox 1417 4227 1480 4289; x_wconf 88' lang='lat' dir='ltr'>clc·</span> 
     </span>
     <span class='ocr_line' id='line_1_41' title="bbox 522 4325 1479 4413; baseline -0.004 -19"><span class='ocrx_word' id='word_1_264' title='bbox 522 4331 646 4411; x_wconf 80' lang='lat' dir='ltr'>gentius</span> <span class='ocrx_word' id='word_1_265' title='bbox 669 4348 827 4413; x_wconf 84' lang='lat' dir='ltr'>nusquam</span> <span class='ocrx_word' id='word_1_266' title='bbox 850 4337 1006 4391; x_wconf 84' lang='lat' dir='ltr'>occurret.</span> <span class='ocrx_word' id='word_1_267' title='bbox 1054 4325 1237 4410; x_wconf 84' lang='lat' dir='ltr'>Esscutquc</span> <span class='ocrx_word' id='word_1_268' title='bbox 1264 4325 1479 4408; x_wconf 88' lang='lat' dir='ltr'>proculdubio</span> 
     </span>
    </p>
   </div>
   <div class='ocr_carea' id='block_1_4' title="bbox 0 0 1787 5467">
    <p class='ocr_par' dir='ltr' id='par_1_12' title="bbox 0 0 1787 5467">
     <span class='ocr_line' id='line_1_42' title="bbox 0 0 1787 5467; baseline 0 0"><span class='ocrx_word' id='word_1_269' title='bbox 0 0 1787 5467; x_wconf 95' lang='lat' dir='ltr'> </span> 
     </span>
    </p>
   </div>
  </div>
 </body>
</html>
