3550 5467
409 776 486 821 cnr.
502 759 553 838 x.]
768 777 1021 823 ronrcnnmcus.
1311 761 1374 825 957

409 942 527 1001 tacere,
554 927 650 990 modo
674 928 851 1013 jactantiae,
877 928 972 991 modo
1003 927 1132 993 malitiae
1163 943 1249 995 metu
1306 931 1369 1003 Qui

408 1028 585 1093 venatibus
607 1029 740 1111 gaudet,
762 1031 976 1114 interrogatus
998 1030 1038 1093 de
1061 1030 1150 1095 silva
1171 1032 1306 1107 ambitu,
1330 1032 1371 1096 de

405 1129 543 1213 ambage
560 1130 745 1209 lustrorum,
761 1131 801 1195 de
817 1131 993 1195 venationis
1007 1147 1135 1197 eventu.
1189 1134 1369 1217 Religiosus

409 1233 436 1296 si
464 1232 568 1308 adest,
594 1234 634 1297 da
666 1233 711 1296 illi
740 1232 894 1297 referendi
921 1234 1056 1320 copiam,
1080 1236 1200 1320 quibus
1225 1236 1370 1301 observa.

409 1334 553 1399 tionibus
568 1335 719 1400 meruerit
735 1335 855 1398 auxilia
873 1339 1028 1414 Deorum,
1041 1349 1184 1422 quantus
1198 1337 1263 1401 illic
1285 1361 1370 1402 cere-

379 1424 385 1433 ·
409 1438 589 1501 munierum
611 1437 751 1501 fructus:
785 1437 861 1522 quia
880 1451 912 1500 et
935 1437 993 1500 boc
1012 1460 1114 1522 genus
1137 1437 1296 1524 religionis
1315 1462 1369 1503 ex-

408 1538 564 1615 istimant,
580 1538 744 1601 numinum
762 1537 913 1600 beneficia
928 1560 989 1601 non
1010 1552 1122 1601 tacere.
1167 1540 1260 1604 Adde
1279 1542 1368 1625 quod

412 1639 525 1704 volunt
551 1662 584 1703 se
610 1640 727 1701 amicos
754 1639 939 1702 numinibus
969 1640 1128 1703 testimari.
1175 1642 1207 1704 Si
1237 1665 1310 1705 vero
1335 1658 1366 1707 et

408 1763 505 1805 senex
529 1763 668 1827 praesens
690 1756 749 1818 est,
770 1741 867 1805 babes
889 1743 1170 1827 occasionemque
1192 1742 1366 1829 plurimum

408 1841 456 1907 illi
471 1842 645 1906 contulisse
660 1841 808 1918 videaris,
824 1843 850 1905 si
865 1865 939 1905 eum
962 1842 1147 1927 interroges,
1165 1845 1212 1908 vel
1236 1869 1311 1932 quae
1325 1847 1366 1909 ad

407 1945 501 2011 illum
528 1945 659 2008 omnino
684 1967 746 2008 non
771 1945 940 2031 pertinent.
987 1948 1048 2009 Est
1070 1946 1152 2009 enirn
1179 1947 1253 2011 huic
1278 1953 1366 2012 retati

409 2047 587 2134 loquacitas
598 2047 771 2112 familiaris.
809 2052 854 2113 Ut
868 2070 943 2111 vero
953 2047 992 2110 ad
1006 2063 1178 2113 scommata
1189 2049 1366 2125 redeamus,

408 2148 466 2213 illa
481 2171 556 2235 quae
578 2149 653 2235 plus
678 2148 876 2227 urbanitatis,
892 2162 924 2214 et
949 2150 1052 2213 minus
1074 2151 1297 2216 amaritudinis
1313 2151 1367 2216 ba·

409 2251 500 2328 bent,
513 2265 587 2315 sunt
604 2250 831 2337 interjacienda
846 2251 1011 2316 conviciis:
1037 2266 1073 2316 ut
1086 2268 1158 2318 sunt
1171 2254 1224 2317 illa
1239 2278 1314 2341 quae
1326 2255 1366 2318 de

409 2352 571 2418 nonnullis
593 2375 762 2438 corporum
780 2353 876 2428 vitiis,
899 2367 956 2417 aut
978 2377 1103 2440 parum,
1118 2369 1176 2420 ant
1197 2356 1274 2419 nibil
1295 2358 1365 2441 gig·

408 2455 518 2518 nentia
533 2452 661 2533 doloris,
673 2467 709 2517 ut
723 2454 750 2516 si
766 2452 796 2516 in
812 2453 973 2518 calvitium
991 2456 1182 2541 cujusquam
1198 2456 1296 2533 dicas,
1309 2471 1364 2520 aut

406 2578 533 2630 nasum,
558 2555 606 2618 vel
629 2577 759 2619 curvam
787 2558 988 2630 erectionem,
1012 2579 1066 2619 seu
1090 2558 1282 2621 Socraticam
1310 2559 1366 2621 de·

406 2656 612 2744 pressionem.
668 2659 748 2721 Haec
778 2658 859 2720 enirn
892 2670 1013 2743 quanto
1044 2657 1172 2720 minoris
1200 2657 1364 2722 infortunii
1455 2683 1457 2689 ·

409 2772 498 2834 runt,
511 2770 601 2823 tanto
615 2758 745 2823 suarius
760 2757 894 2823 laedunt.
934 2759 1055 2820 Contra
1069 2755 1233 2819 oculorum
1246 2757 1365 2821 orbitas

408 2881 473 2924 non
490 2859 557 2923 sine
571 2859 764 2923 excitatione
778 2855 1033 2921 commonitionis
1049 2855 1211 2939 objicitur.
1238 2857 1365 2943 Quippe

409 2962 593 3046 Antigonus
608 2983 665 3025 rex
681 2959 887 3025 Theocritum
909 2957 1039 3037 Chium,
1053 2955 1094 3019 de
1117 2979 1183 3043 quo
1200 2956 1364 3038 juraverat

407 3061 497 3148 quod
519 3063 548 3125 ei
571 3084 725 3148 parsurus
746 3074 841 3137 esset,
864 3059 981 3124 occidit
1006 3069 1137 3143 propter
1159 3081 1297 3123 scomma
1322 3062 1363 3124 ab

406 3163 520 3227 eodem
535 3162 577 3227 de
590 3187 624 3227 se
637 3163 770 3228 dictum.
802 3164 908 3240 Quum
922 3162 1005 3225 enirn
1023 3161 1112 3246 quusi
1125 3161 1308 3246 puniendus
1322 3163 1362 3225 ad

410 3265 611 3350 Antigonum
629 3277 805 3350 raperetur,
822 3264 998 3328 solantibus
1013 3284 1083 3326 eum
1100 3262 1209 3326 amicis
1223 3286 1260 3326 ac
1275 3286 1362 3348 spem

407 3367 644 3453 pollicentibus,
656 3366 741 3453 qnod
752 3366 935 3429 omnimodo
946 3364 1144 3429 clementiani
1158 3365 1240 3450 regis
1252 3388 1364 3450 exper-

409 3481 503 3533 turus
517 3481 610 3545 esset,
625 3489 725 3555 qunrn
742 3467 782 3531 ad
804 3466 912 3531 oculos
932 3468 999 3552 ejus
1015 3467 1161 3543 venisset,
1178 3469 1361 3554 respondit:

408 3570 498 3654 Ergo
518 3568 744 3655 impossibilem
768 3569 843 3633 mibi
871 3569 977 3633 dicitis
1004 3590 1091 3654 spem
1114 3569 1235 3635 salutis.
1282 3572 1363 3637 Erat

407 3686 515 3735 autem
543 3672 728 3757 Antigonus
754 3694 817 3734 uno
840 3672 972 3735 orbatus
995 3670 1099 3748 oculo,
1122 3684 1153 3735 et
1177 3673 1363 3760 importuna

408 3773 572 3837 urbanitas
589 3772 808 3837 maledicacem
826 3772 896 3836 luce
911 3774 1059 3858 privavit.
1100 3774 1166 3838 Nec
1182 3777 1362 3860 negaverim

408 3873 614 3959 philosophos
628 3896 757 3962 quoque
772 3874 940 3939 incurrisse
956 3898 1012 3960 per
1035 3874 1286 3960 indignationem
1304 3880 1361 3942 boc

405 3999 508 4058 genus
520 3977 711 4042 scommatis.
746 3978 827 4043 Nam
841 4002 943 4063 quum
957 3982 1039 4065 regis
1056 3978 1199 4058 libertus,
1208 3981 1248 4043 ad
1266 4003 1363 4042 noras

408 4079 538 4145 divitias
554 4103 656 4165 nuper
670 4094 804 4158 erectus,
816 4079 1021 4167 philosophos
1035 4081 1075 4145 ad
1092 4085 1272 4146 convivium
1288 4103 1362 4144 con-

407 4198 581 4268 gregasset,
596 4198 629 4248 et
645 4183 807 4247 irridendo
828 4206 938 4246 eornm
963 4183 1136 4247 minutulas
1159 4183 1362 4268 quaestiones,

408 4290 486 4350 scire
502 4310 536 4350 se
553 4288 633 4350 velle
648 4286 791 4362 dixisset,
802 4308 860 4350 cur
871 4301 903 4350 ct
919 4308 958 4349 ex
975 4289 1076 4369 nigra,
1086 4299 1117 4349 et
1134 4308 1172 4347 ex
1189 4282 1262 4345 alba
1277 4282 1361 4356 laba,

408 4393 611 4475 pulmentum
628 4389 721 4454 unius
736 4387 850 4453 coloris
864 4388 953 4452 edat:
995 4385 1140 4449 Aridices
1155 4382 1362 4470 philosophus

453 4511 526 4557 vot„
546 4512 590 4558 tv.
886 4513 902 4553 s
