3550 5467
423 734 486 792 254
673 739 811 786 Joasuss
826 737 1119 784 sanusasaruusrs
1224 721 1385 800 [un.v1u.

423 898 593 962 liberorum
618 894 686 979 ipse
707 891 907 957 concederet.
947 890 1053 956 Sciret
1076 891 1184 977 igitur
1206 891 1328 964 civitas.
1343 916 1385 956 ao

423 999 525 1063 bolem
550 997 634 1082 regis
656 1019 728 1061 cum
752 1008 843 1081 patre
865 992 1071 1057 concordem.
1119 997 1197 1058 Hoc
1218 1010 1386 1060 commento

421 1121 508 1185 spem
532 1096 674 1160 detraxit
697 1094 923 1159 insidiantibus
949 1093 1160 1177 regnantium
1187 1095 1301 1180 quieti.
1338 1097 1385 1160 lta

422 1205 453 1264 in
469 1200 555 1264 omni
571 1221 686 1284 genere
703 1198 788 1272 vitre,
802 1196 1030 1284 praecipueque
1044 1199 1077 1259 in
1095 1196 1214 1262 laetitia
1224 1199 1384 1276 convivali,

422 1324 515 1365 omne
537 1300 626 1387 quod
650 1299 779 1363 videtur
802 1299 971 1371 absonum,
999 1296 1031 1360 io
1062 1319 1161 1360 unam
1190 1299 1382 1363 concordiam

424 1404 503 1480 soni,
518 1404 606 1466 salva
620 1401 809 1480 innocentis,
820 1398 1030 1484 redigendum
1044 1413 1104 1463 est.
1142 1400 1196 1464 Sic
1211 1402 1383 1487 Agathonir

423 1506 620 1582 convivium,
651 1504 727 1591 quia
760 1507 919 1577 Socratas,
950 1501 1119 1583 Phaedros,
1150 1506 1327 1569 Pausanias
1354 1520 1382 1569 et

425 1609 639 1675 Herisimacos
659 1607 784 1682 habuit,
802 1606 936 1670 verbum
958 1604 1085 1669 nullum
1107 1605 1171 1670 nisi
1194 1607 1383 1694 philosophi-

423 1733 496 1773 cum
511 1709 615 1773 sensit.
647 1712 690 1773 At
708 1729 781 1771 vero
798 1704 937 1784 Alcinoi,
950 1705 1001 1768 vel
1014 1706 1156 1770 Didonis
1168 1708 1382 1793 mensa‚quasi

423 1812 501 1876 solis
515 1824 592 1895 apta
606 1809 735 1885 delitiis,
748 1807 860 1873 habuit
876 1806 926 1870 hic
943 1810 1069 1893 lopam,
1082 1806 1140 1871 illa
1154 1807 1382 1894 Polyphemum

423 1914 547 1978 cithara
562 1925 718 1975 canentes.
757 1914 826 1975 Nec
844 1909 976 1974 deerant
991 1908 1080 1995 apud
1101 1908 1276 1974 Alcinoum
1299 1911 1384 1976 salta

425 2029 509 2079 tores
521 2015 593 2091 riri,
603 2027 634 2077 et
646 2013 731 2098 apud
747 2012 904 2077 Didonem
916 2011 1021 2076 Bitias
1033 2011 1078 2074 sic
1092 2011 1248 2077 hauriens
1258 2036 1384 2093 merum,

424 2128 462 2180 ut
471 2139 504 2179 se
515 2128 620 2180 totum
633 2113 797 2201 superflua
808 2114 1049 2197 ejusinsusione
1061 2114 1240 2199 prolueret.
1277 2117 1383 2178 Nonae

423 2215 523 2303 siquis
542 2229 600 2281 aut
621 2217 702 2281 inter
720 2217 882 2290 Phaeacas,
898 2229 954 2281 aut
974 2215 1063 2302 apud
1081 2217 1215 2295 Poenos,
1230 2240 1383 2281 sermones

422 2318 463 2382 de
484 2318 640 2404 sapientia
665 2332 784 2392 erutos,
808 2318 1030 2382 convivalibus
1051 2317 1175 2383 sabulis
1200 2319 1383 2400 miscuisset,

420 2433 453 2485 et
464 2419 598 2504 gratiam
610 2417 674 2483 illis
683 2420 822 2484 coetibus
833 2421 964 2484 amicam
978 2420 1140 2507 perderet,
1151 2432 1186 2484 et
1197 2420 1231 2485 in
1246 2444 1279 2485 se
1290 2422 1381 2485 risum

421 2523 516 2608 plane
530 2522 656 2607 justum
682 2523 845 2586 moveret?
875 2525 965 2606 Ergo
983 2522 1089 2607 prima
1111 2523 1184 2608 ejus
1205 2524 1381 2587 observatio

421 2624 483 2690 erit
497 2624 653 2688 aestimare
667 2623 826 2688 convivas.
864 2622 991 2687 Deinde
1006 2623 1064 2687 ubi
1079 2624 1140 2688 sibi
1158 2638 1270 2710 patere
1284 2625 1380 2690 locum

422 2726 550 2803 viderit,
571 2748 633 2789 non
657 2725 796 2809 deipsis
819 2723 1050 2810 profunditatis
1073 2749 1142 2790 suae
1165 2730 1251 2792 iuter
1272 2725 1381 2814 pocula

422 2828 552 2894 secretis
576 2826 737 2912 loquetur,
761 2848 818 2889 nec
841 2823 977 2888 nodosas
999 2838 1032 2889 et
1057 2827 1183 2904 anxias,
1207 2827 1266 2892 sed
1293 2826 1381 2892 utiles

421 2930 566 3017 quidem,
591 2927 700 2994 faciles
731 2942 846 3002 nmen,
874 2927 1014 2992 movebit
1044 2929 1256 3014 quaestiones.
1302 2933 1380 2995 Nam

421 3033 506 3097 sicut
530 3033 614 3097 inter
638 3029 720 3104 illos,
745 3029 803 3115 qui
829 3029 888 3092 hoc
911 3029 1055 3094 exercitii
1080 3053 1187 3115 genus
1210 3031 1331 3097 babent
1351 3030 1379 3094 in

421 3134 534 3199 mediis
549 3133 665 3199 saltare
676 3132 841 3207 conviviis,
854 3131 878 3194 si
894 3130 967 3216 quis
984 3144 1020 3194 ut
1031 3154 1064 3196 se
1075 3132 1218 3219 amplius
1230 3146 1382 3214 exerceat,

420 3236 544 3302 sodales
561 3234 610 3299 vel
626 3234 666 3298 sd
682 3256 825 3310 cursum,
841 3232 891 3297 vel
906 3232 946 3297 ad
963 3234 1162 3319 pugillatum
1180 3234 1382 3315 lacessiverit,

421 3339 512 3425 quasi
535 3337 663 3424 ineptiis
686 3335 881 3422 relegabitur
898 3335 940 3399 ab
962 3335 1130 3400 alacritate
1151 3337 1312 3403 convivii:
1338 3337 1380 3401 sic

419 3439 507 3525 apud
538 3461 677 3502 mensam
707 3437 902 3524 quandoque
931 3435 1228 3523 philosophandum
1258 3455 1319 3514 est,
1346 3450 1380 3501 ut

418 3541 532 3603 crateri
549 3539 679 3625 liquoris
694 3540 735 3603 ad
752 3539 894 3604 laetitiam
911 3539 977 3604 nati
997 3537 1195 3604 adhibeatur
1208 3563 1273 3604 non
1289 3539 1381 3604 modo

420 3639 657 3725 Nympharum,
666 3642 720 3704 sed
732 3646 900 3706 Musarum
911 3664 1041 3729 quoque
1051 3640 1253 3707 admixtione
1263 3656 1379 3727 tempe·

418 3739 488 3803 ries.
527 3743 611 3803 Nam
627 3740 665 3816 si,
681 3754 717 3803 ut
736 3741 829 3805 fateri
845 3765 970 3806 necesse
985 3755 1044 3818 est,
1060 3741 1092 3805 in
1117 3744 1206 3807 omni
1222 3755 1377 3809 conventu

417 3854 474 3906 aut
490 3841 659 3905 tacendum
676 3857 735 3920 est,
747 3858 804 3909 aut
821 3844 1038 3931 loquendum
1070 3868 1273 3930 quoeramus,
1288 3845 1377 3910 silea·

417 3946 540 4010 tiumne
555 3946 720 4024 conviviis,
736 3970 775 4010 an
791 3962 993 4034 opportunus
1008 3970 1111 4011 sermo
1126 3953 1311 4014 conveniat.
1345 3950 1379 4012 si

417 4050 512 4126 enim,
530 4061 565 4113 ut
582 4049 670 4135 apud
689 4049 833 4114 Athenas
852 4052 979 4114 Atticas
1003 4050 1217 4136 Areopagitae
1239 4065 1376 4116 tacentes

411 4151 573 4235 judicant,
588 4152 632 4216 ita
649 4151 730 4215 inter
745 4151 857 4237 epulas
870 4165 998 4238 oportet
1013 4151 1120 4226 sileri3
1149 4176 1214 4218 non
1230 4169 1279 4219 est
1295 4152 1378 4218 ultra

414 4254 626 4337 quaerendum
649 4254 733 4316 inter
748 4275 870 4318 mensas
886 4254 1181 4340 philosophandum
1198 4254 1254 4332 sit,
1271 4278 1377 4321 necne.

416 4354 449 4419 Si
467 4378 541 4419 vero
556 4376 617 4419 non
636 4368 730 4419 erunt
746 4368 835 4420 muta
856 4355 1014 4433 convivia,
1027 4379 1088 4420 cur
1105 4357 1161 4422 ubi
1184 4380 1294 4423 sermo
1309 4380 1377 4445 per·
