3550 5467
543 744 583 802 84
800 755 935 799 scaurus
950 755 1225 800 sssnsunnrsssrs
1331 737 1416 817 [trs.
1434 758 1493 801 vu.

542 910 648 992 impiis
674 909 761 971 verbi
792 908 996 984 commercio,
1021 930 1062 970 ex
1090 910 1278 972 necessitate
1308 921 1420 973 secuta
1445 921 1493 973 est

541 1012 679 1075 secessio
695 1011 895 1094 populorum.
943 1009 994 1073 Sic
1010 1020 1043 1072 et
1057 1011 1258 1092 Philosophi,
1274 1011 1353 1073 dum
1368 1011 1490 1091 ingenii

541 1114 591 1175 sui
616 1111 791 1186 machinas,
817 1132 875 1172 suo
901 1110 1040 1192 quodam
1068 1112 1279 1173 theomachiae
1310 1132 1428 1191 genere
1458 1112 1491 1172 iu

539 1216 637 1277 altum
661 1224 840 1289 erexerunt,
864 1234 934 1275 rere
957 1214 1005 1275 eis
1026 1213 1299 1276 iucommutabilis
1321 1227 1353 1275 et
1378 1212 1491 1276 indefi-

539 1315 654 1377 cientis
677 1313 816 1375 veritatis
839 1314 1001 1375 subtracta
1028 1326 1075 1377 est
1101 1314 1226 1388 unitas,
1249 1325 1281 1376 et
1306 1314 1491 1393 ignorantis)

540 1417 665 1478 nebulis
694 1413 848 1491 obvoluti,
874 1435 983 1477 eorum
1012 1435 1084 1497 quae
1115 1415 1156 1476 ab
1187 1434 1250 1476 una
1279 1424 1312 1475 et
1341 1413 1492 1495 singulari

540 1518 670 1580 veritate
685 1537 761 1578 vera
774 1529 857 1592 sunt,
869 1517 1042 1579 maximam
1057 1515 1202 1578 notitiam
1218 1514 1438 1598 perdiderunt,
1446 1517 1492 1578 uti

541 1618 573 1679 in
603 1639 732 1680 sensum
760 1620 929 1701 reprobum
960 1617 1024 1680 dati
1054 1638 1124 1680 esse
1159 1616 1424 1679 convincerentur
1452 1619 1493 1680 ab

541 1720 691 1803 operibns
718 1720 794 1795 suis,
820 1730 852 1781 et
877 1729 1028 1801 tanquam
1058 1717 1227 1780 recedente
1255 1715 1350 1792 duce,
1379 1717 1492 1800 spiritu

541 1820 665 1883 scilicet
680 1819 831 1894 veritatis,
847 1818 1104 1900 dispergerentur
1124 1818 1156 1878 in
1173 1818 1272 1880 varias
1287 1829 1392 1879 sectas
1407 1837 1490 1880 erro·

540 1920 594 1995 ris,
623 1931 655 1981 et
685 1919 825 1981 insanias
854 1920 959 1981 salsas.
1004 1919 1049 1980 Et
1076 1939 1114 1980 eo
1149 1918 1280 2000 quidem
1314 1919 1492 1982 miseriores

539 2020 645 2082 effecti
675 2029 760 2094 sunt,
789 2017 875 2101 quod
905 2019 938 2079 in
968 2018 1019 2079 his
1048 2016 1207 2080 desectum
1239 2039 1333 2080 suum
1362 2016 1491 2081 minime

539 2120 764 2200 agnoscebant.
810 2120 897 2182 Hinc
922 2132 982 2194 est,
1008 2118 1094 2202 quod
1120 2118 1196 2181 dum
1221 2120 1371 2184 Pronoen
1402 2142 1489 2184 suam

539 2222 667 2285 Stoicus
688 2233 866 2298 veneratur,
884 2222 992 2283 omnia
1014 2222 1214 2284 necessitatis
1237 2224 1308 2304 lege
1333 2224 1490 2286 constrin-

537 2323 593 2404 git.
637 2322 797 2405 Epicurus
820 2344 837 2384 e
864 2334 985 2399 contra,
1006 2321 1081 2384 dum
1105 2344 1209 2385 rerum
1233 2335 1339 2387 tuetur
1362 2326 1490 2388 liberta-

539 2437 613 2500 tem,
637 2423 880 2507 dispositionem
907 2438 1052 2502 evacuat,
1076 2436 1110 2486 et
1131 2426 1240 2488 omnia
1257 2428 1388 2491 casibus
1413 2429 1490 2491 fluc-

538 2538 626 2588 tuare
656 2524 830 2588 contendit
875 2527 905 2588 E
940 2527 1071 2608 regione
1108 2526 1290 2589 consistunt
1327 2528 1491 2612 utriusque

537 2628 688 2702 cultores,
717 2637 749 2688 et
778 2626 818 2689 de
848 2627 981 2707 singulis
1004 2627 1070 2690 sere
1096 2647 1199 2689 rerum
1225 2627 1369 2690 articulis
1399 2627 1491 2691 dimi-

538 2742 628 2805 cant;
659 2743 692 2791 et
717 2730 809 2811 quasi
836 2729 976 2792 Palladis
1002 2740 1201 2792 sacramento
1227 2729 1380 2809 adstricti,
1407 2732 1492 2794 solas

538 2831 718 2915 paradoxas
739 2833 924 2915 loquuntur,
939 2841 995 2894 aut
1016 2829 1113 2915 anglus
1135 2828 1226 2908 δόξας,
1243 2846 1273 2895 et
1295 2853 1350 2895 eas
1372 2854 1490 2918 usque·

539 2954 665 3016 quaque
687 2954 776 2996 veras
798 2955 868 2996 esse
888 2932 1087 2995 confirmant.
1133 2933 1319 2996 Academici
1346 2955 1420 2996 vero
1445 2936 1492 2995 vi·

538 3046 641 3097 tentes
652 3035 864 3119 praecipitium
877 3034 1034 3112 salsitatis,
1044 3035 1076 3097 in
1089 3057 1127 3098 eo
1140 3034 1267 3117 quidem
1280 3034 1491 3099 modestiores

538 3148 623 3213 sunt,
637 3137 724 3220 quod
747 3136 906 3199 desectum
929 3158 1023 3199 suum
1045 3138 1175 3200 minime
1199 3137 1386 3216 diffitentur,
1403 3149 1437 3200 et
1455 3139 1488 3201 in

538 3258 640 3301 rerum
671 3237 851 3318 ignorantia
879 3238 986 3320 positi,
1012 3239 1075 3301 sere
1105 3239 1145 3301 de
1171 3239 1306 3319 singulis
1331 3238 1489 3304 dubitant

538 3338 634 3410 Quod
654 3336 783 3420 quidem
807 3339 902 3418 longe
925 3339 1024 3401 tutius
1046 3350 1105 3416 est,
1121 3362 1216 3423 quam
1236 3340 1358 3402 incerta
1373 3353 1488 3404 temere

537 3436 679 3501 definire.
727 3436 991 3501 Academicorum
1018 3462 1146 3524 quoque
1171 3440 1264 3523 juvat
1293 3440 1489 3523 opinionem,

538 3536 625 3620 quod
662 3557 726 3599 non
763 3535 857 3601 modo
889 3540 1082 3604 Heraclides
1115 3542 1279 3618 Ponticus,
1310 3553 1343 3605 ct
1373 3543 1487 3607 Cicero

537 3650 654 3716 noster,
678 3638 711 3699 in
741 3660 864 3701 summa
894 3639 1130 3721 ingeniosorum
1158 3645 1294 3707 virorum
1319 3643 1415 3707 laude
1441 3666 1489 3707 re·

537 3740 635 3822 cepti,
649 3740 778 3803 taudem
801 3741 841 3804 ad
864 3763 920 3804 eos
944 3745 1154 3819 transierunt3
1176 3744 1233 3808 sed
1249 3746 1351 3808 etalii
1372 3747 1488 3829 plures,

537 3863 617 3925 quos
633 3863 811 3924 percurrere
824 3844 956 3923 longum
973 3855 1031 3908 est
1077 3847 1193 3909 Nonne
1209 3867 1282 3928 ergo
1299 3846 1487 3930 praelcrendi

537 3955 611 4005 sunt
633 3943 714 4020 aliis,
737 3965 818 4027 quos
840 3956 873 4007 ct
895 3946 1058 4008 asserendi
1084 3945 1252 4025 modestia,
1274 3960 1306 4012 et
1329 3960 1487 4012 tantorum

537 4045 671 4108 virorum
687 4045 892 4110 commendat
906 4046 1098 4110 auctoritas?
