3550 5467
403 712 467 770 200
641 731 775 777 sossius
793 732 1074 781 sausssuarun'srs
1188 716 1275 797 [rin.
1288 735 1353 787 vul.

689 1176 834 1243 LIBER
854 1174 1075 1241 OCTAVUS.

790 1393 973 1439 PROLOGUS.

453 1519 586 1582 Sonans
602 1514 657 1597 qui
672 1533 758 1575 mure
773 1511 953 1592 enavigant,
970 1511 1034 1575 illis
1048 1512 1173 1577 habere
1188 1513 1318 1596 gratiam
1331 1524 1358 1578 et

409 1622 534 1697 referre,
559 1637 695 1703 quorum
724 1612 884 1677 beneficio
910 1613 1056 1697 pericula
1081 1630 1264 1680 evaserunt
1306 1618 1359 1680 Ac·

410 1725 591 1790 cenduutur
614 1722 719 1803 ignes,
745 1718 901 1782 clamores
927 1718 1123 1798 excitantur,
1146 1720 1311 1802 erigrmtnr
1331 1730 1360 1782 et

410 1828 512 1908 signa,
552 1825 670 1909 quibus
706 1821 844 1905 Scyllaea
880 1842 1009 1908 vorago,
1047 1823 1143 1885 turbo
1175 1821 1361 1906 Charybdis,

411 1950 492 1991 saxa
516 1924 656 2005 latentia,
682 1935 802 1988 tractus
826 1935 858 1986 et
880 1923 1036 1986 tenacitas
1062 1923 1219 2007 Syrtium,
1242 1945 1263 1987 a
1285 1923 1382 2003 nuri,

411 2031 561 2110 gentibus
576 2038 694 2112 queant
714 2011 880 2090 salubriter
895 2023 1058 2088 declinari.
1106 2026 1163 2091 Sic
1185 2037 1220 2090 et
1236 2026 1300 2102 his,
1313 2025 1361 2111 qni

410 2153 450 2194 ea
478 2130 642 2193 imminere
672 2127 878 2206 denunciant,
907 2127 1026 2215 quibus
1054 2128 1142 2192 salus
1171 2128 1363 2212 periclitrtm

411 2233 562 2308 hnmana,
576 2229 751 2293 rectissime
773 2230 873 2311 gratia
892 2227 1028 2292 debetur
1046 2249 1086 2294 ex
1107 2232 1238 2294 merito:
1262 2229 1364 2314 etqui

410 2354 480 2397 eam
508 2332 703 2395 merentibus
736 2352 801 2393 non
836 2331 994 2415 rependit,
1025 2332 1169 2414 ingratus
1206 2331 1365 2409 beneficii,

411 2433 529 2515 dignus
543 2444 593 2497 est
604 2432 713 2495 salutis
724 2431 930 2515 dispendium
942 2432 1105 2497 sustinere.
1140 2432 1248 2498 Nemo
1263 2445 1366 2497 autem

412 2547 470 2614 est,
496 2536 551 2621 qui
581 2531 714 2598 sulutem
742 2534 828 2597 ritiis
858 2535 983 2599 nesciat
1009 2535 1167 2618 impediri,
1192 2557 1297 2620 eaque
1324 2555 1365 2598 ex

413 2660 519 2702 amore
534 2639 748 2722 proximorum
764 2636 866 2700 notari
881 2638 924 2701 ad
944 2639 1061 2720 sugam,
1076 2639 1209 2723 publice
1227 2639 1366 2703 interest

412 2743 490 2805 Vita
518 2741 676 2823 siquidem
707 2739 856 2816 humana,
886 2739 1023 2823 quodvis
1054 2741 1133 2803 freto
1160 2740 1367 2825 procellosior

413 2854 473 2918 est,
495 2865 556 2907 nec
579 2852 714 2926 possunt
736 2841 826 2903 vitari
849 2840 1042 2916 discrimina,
1064 2841 1127 2904 nisi
1151 2841 1221 2905 suis
1245 2840 1367 2905 denun-

413 2945 538 3012 cientur
566 2943 704 3007 iudiciis.
759 2941 809 3005 Ad
838 2941 923 3004 hanc
951 2963 1026 3006 vero
1055 2963 1200 3026 operam,
1230 2937 1366 3027 publicu

414 3041 569 3123 utilitatis,
584 3058 617 3109 ct
630 3057 693 3109 tum
702 3041 858 3125 jussionis
873 3044 1009 3106 stimulis
1023 3064 1148 3125 urgeor,
1162 3045 1242 3108 licet
1264 3045 1297 3107 iu
1317 3066 1366 3109 mc

414 3149 495 3212 nihil
505 3169 687 3230 agnoscam,
698 3144 786 3231 quod
795 3144 1004 3208 attentionem
1015 3156 1167 3228 provocet
1179 3145 1367 3210 auditorum.

417 3251 527 3312 Homo
557 3248 700 3332 undique
729 3247 917 3309 immunitus
946 3257 979 3310 et
1002 3246 1203 3326 imminutus,
1225 3246 1280 3311 cui
1308 3267 1366 3311 nec

415 3350 482 3412 vita
497 3348 538 3413 ad
553 3348 797 3424 conscientiam,
811 3368 872 3410 nec
892 3345 934 3410 ad
954 3346 1132 3411 doctrinam
1148 3348 1296 3426 scientia,
1310 3369 1366 3412 nec

415 3471 512 3532 opera
526 3460 703 3533 suppetunt
724 3447 765 3511 ad
782 3449 979 3531 exemplum.
1025 3446 1122 3512 Unde
1142 3447 1178 3512 in
1198 3470 1252 3511 me
1267 3470 1286 3513 u
1299 3452 1367 3535 plu·

415 3552 504 3613 rimis
530 3551 749 3613 conclamatur
770 3561 805 3613 ut
830 3561 965 3628 taceam,
985 3549 1170 3613 dicentibus
1197 3551 1287 3636 qnod
1311 3571 1367 3616 uec

414 3654 510 3715 etiam
540 3650 663 3713 virtutis
692 3653 837 3734 speciosa
866 3651 936 3715 laus
962 3662 1012 3715 est
1036 3652 1070 3715 in
1096 3674 1152 3717 ore
1181 3655 1367 3737 peccatoris.

414 3756 488 3817 Hoc
510 3753 545 3815 hi
567 3752 627 3815 soli
649 3749 784 3832 faciunt,
803 3755 920 3840 quibus
942 3754 1019 3818 vitia
1040 3754 1182 3839 placent,
1206 3748 1367 3821 currentes

412 3857 445 3919 iu
479 3867 623 3932 mortem,
653 3857 783 3921 nemine
817 3868 998 3935 revocante,
1027 3869 1083 3922 aut
1117 3859 1174 3943 qni
1211 3861 1368 3924 salranmr

411 3959 515 4022 inviti.
553 3961 638 4022 Nam
663 3961 781 4045 quibus
805 3958 892 4025 bona
914 3962 1054 4045 placent,
1076 3983 1143 4024 non
1168 3983 1190 4025 a
1216 3984 1293 4047 qno,
1314 3959 1367 4026 sed

412 4061 491 4147 quid
514 4062 639 4126 dicatur
660 4063 838 4139 attendunt,
861 4074 959 4126 etex
982 4062 1099 4139 causis,
1121 4061 1262 4128 dicentis
1284 4064 1368 4128 dicta

411 4177 592 4248 pensantes,
603 4178 726 4247 gratum
741 4165 860 4228 habent
874 4164 1031 4249 quicquid
1047 4165 1267 4250 undecunque
1282 4166 1365 4230 elici·

413 4279 479 4330 tum
501 4268 629 4352 proficit
644 4266 684 4330 ad
706 4267 866 4329 virtutum.
906 4268 981 4329 Non
998 4287 1075 4349 ergo
1098 4267 1183 4351 quia,
1198 4267 1259 4331 aed
1282 4265 1367 4352 quid,

412 4390 514 4450 quaro
538 4366 577 4430 de
601 4388 698 4430 causa
717 4366 867 4439 scribam,
882 4363 1019 4447 diligens
1039 4368 1142 4431 lector
1162 4367 1321 4446 attendat,
1337 4380 1365 4432 et
