3550 5467
448 726 649 804 canitura]
792 742 1044 788 Pocrcnarrcus.
1337 737 1400 795 366

447 891 546 971 bitur,
562 912 662 976 quum
679 892 708 954 ei
725 889 868 979 undique
885 893 917 955 in
933 894 1080 958 ardentes
1096 916 1214 979 prunae
1232 897 1325 961 ruina
1338 899 1395 963 im-

445 994 589 1073 mineret,
614 992 654 1056 ad
683 993 819 1077 primum
846 1008 962 1059 nutum
986 1008 1019 1059 et
1044 996 1135 1081 quasi
1162 1001 1299 1062 texentis
1325 998 1396 1064 licio

443 1093 626 1180 dependens
639 1092 777 1178 gladius,
793 1095 876 1158 inter
891 1095 1013 1178 regales
1027 1095 1152 1160 delitias
1166 1098 1279 1162 cervici
1295 1099 1393 1177 illius,

443 1195 553 1258 similis
568 1195 704 1270 ferienti,
720 1194 863 1260 irrueret.
910 1199 982 1261 Hoc
996 1196 1126 1282 quidem
1150 1198 1236 1283 apud
1260 1199 1392 1266 Claudi·

441 1320 537 1362 anum
553 1295 668 1360 astruit
684 1295 894 1360 Theodosius.
941 1296 1000 1361 Ait
1014 1296 1108 1371 euim,

545 1429 599 1491 Qui
611 1433 691 1480 terret
700 1425 758 1496 plus
769 1428 825 1499 ipse
837 1428 921 1489 timet.
933 1446 988 1481 sors
996 1430 1048 1481 ista
1058 1432 1173 1498 mannis

543 1513 680 1574 Convenit,
692 1511 824 1564 invideant
835 1512 920 1577 claris,
931 1512 1062 1583 fortesque
1074 1515 1210 1572 trucident.

543 1599 573 1650 M
576 1600 641 1651 uniti
652 1598 746 1666 gladiis
758 1599 855 1662 vivant,
867 1601 985 1670 septique
995 1601 1109 1666 venenis,

542 1685 678 1754 Ancipites
688 1683 803 1736 habeant
814 1689 893 1748 artes,
905 1685 1049 1756 trepidique
1060 1687 1197 1739 minentur.

539 1768 582 1820 Tu
594 1769 686 1832 civem,
699 1775 849 1838 patremque
861 1787 947 1836 geras,
959 1777 988 1824 tu
999 1771 1104 1824 consule
1114 1773 1220 1825 carnotis.

539 1853 596 1905 Nec
608 1859 652 1905 tua
665 1861 691 1906 te
703 1859 833 1918 moveant,
845 1855 891 1907 sed
905 1855 1007 1925 publica
1018 1864 1085 1910 vota.
1098 1887 1203 1898 -—

388 2047 393 2056 ι
434 1973 596 2037 Erubesce
613 1972 722 2059 Sydon
738 1976 782 2037 ait
798 1995 894 2049 mare,
910 1974 1064 2061 quiajam
1079 1975 1213 2039 carnalis
1228 1975 1383 2062 loquitur,

431 2098 505 2161 quae
529 2075 576 2137 vir
598 2073 771 2158 spiritualis
791 2075 904 2139 audire
926 2097 988 2139 uon
1012 2090 1125 2161 potest.
1167 2076 1200 2140 Si
1222 2077 1303 2141 enim
1327 2102 1383 2142 au·

431 2177 535 2240 dirent
559 2175 736 2239 sacerdotes
758 2198 864 2239 vocem
889 2179 980 2256 hanc,
1003 2199 1203 2263 nequaquam
1226 2200 1283 2263 per
1308 2179 1382 2259 tela,

429 2298 486 2363 per
502 2277 608 2340 hostes
623 2290 795 2357 currerent,
809 2289 846 2341 ut
862 2278 981 2363 primas
995 2279 1161 2344 cathedras
1179 2295 1380 2366 occuparent.

431 2377 492 2441 Sed
508 2376 580 2442 licet
595 2400 704 2441 omnes
726 2379 841 2443 summi
857 2381 1061 2466 pontificatus
1081 2381 1202 2467 apicem
1222 2382 1378 2459 deferant,

427 2496 583 2565 quantum
600 2480 687 2543 salva
702 2480 854 2565 religione
875 2480 959 2557 licet,
972 2481 1176 2565 fugiendum,
1192 2504 1288 2566 quam
1309 2506 1378 2547 sus·

427 2581 607 2666 cipieodum
625 2580 762 2645 arbitror
777 2581 922 2665 sapienti.
967 2582 1015 2643 Ut
1033 2581 1117 2642 enim
1132 2603 1172 2643 ex
1187 2580 1377 2646 conscientia

427 2706 535 2748 verum
560 2682 685 2765 loquar,
707 2679 794 2744 illius
821 2678 1074 2758 laboriosissima,
1096 2694 1128 2744 et
1152 2692 1309 2765 quantum
1334 2682 1375 2746 ad

424 2796 541 2847 statum
565 2780 731 2865 praesentis
754 2779 851 2842 seculi
876 2779 1026 2863 pertinet,
1048 2779 1222 2844 miserrima
1247 2780 1375 2846 videtur

422 2907 489 2946 esse
511 2880 660 2944 conditio,
707 2880 739 2943 Si
763 2880 844 2943 enirn
868 2879 1010 2945 avaritias
1033 2881 1139 2961 servit,
1158 2904 1241 2946 mors
1262 2883 1291 2946 ei
1313 2897 1372 2950 est.

422 2986 479 3048 Sin
494 2994 685 3056 autemnon
702 2982 834 3065 effugiet
846 3002 958 3044 manus
969 2995 999 3045 et
1010 2981 1135 3066 linguas
1145 2986 1371 3050 Romanorum.

420 3082 491 3150 Nisi
507 3082 589 3145 enim
607 3081 723 3146 habeat
739 3080 824 3144 uode
838 3081 984 3146 obstruat
997 3105 1052 3148 ora
1063 3105 1184 3174 eorum,
1194 3107 1371 3171 manusque

418 3186 576 3256 cohibeat,
598 3182 639 3247 ud
662 3182 811 3256 convitia,
833 3182 874 3245 ad
897 3181 1029 3268 flagitia,
1052 3198 1082 3249 et
1110 3184 1272 3272 sacrilegia
1297 3209 1369 3273 per·

417 3286 558 3359 ferenda,
569 3283 800 3361 aures,oculos,
810 3283 904 3348 duret
914 3297 947 3349 et
957 3286 1108 3351 animum.
1146 3287 1366 3373 Triaquidem

417 3401 503 3464 sunt,
526 3409 600 3472 quae
623 3408 689 3472 prae
711 3385 845 3462 ceteris,
869 3386 966 3451 etiam
987 3386 1179 3473 prudentum
1202 3411 1295 3453 omne
1311 3391 1365 3475 ju·

415 3489 534 3554 dicium
557 3489 760 3562 subvertunt,
783 3509 872 3550 amor
894 3511 1073 3568 munerum,
1095 3490 1237 3576 acceptio
1258 3513 1367 3579 perso-

416 3612 539 3664 narum,
563 3586 697 3651 facilitas
718 3585 877 3651 credendi.
924 3592 1008 3652 Nam
1031 3589 1072 3653 ad
1094 3589 1157 3654 ista
1178 3593 1309 3669 moveri,
1331 3605 1364 3658 et

409 3690 571 3775 justitiam
587 3687 779 3772 dispensare,
795 3687 903 3751 nullus
923 3689 1051 3753 omniuo
1067 3702 1181 3775 potest.
1227 3693 1317 3779 Ergo
1331 3706 1363 3759 et

412 3792 453 3855 ab
462 3791 511 3853 bis
520 3790 692 3854 immunem
704 3793 884 3854 Romanum
895 3812 1019 3854 necesse
1030 3803 1153 3855 estesse
1164 3793 1363 3875 Pontificem,

411 3892 466 3977 qui
481 3891 623 3954 omnium
639 3911 782 3954 coercere
791 3890 887 3954 debet
900 3913 1055 3957 excessus.
1095 3893 1127 3955 Si
1139 3892 1209 3956 odit
1220 3915 1360 3973 munera,

409 3994 481 4079 quis
501 3992 654 4056 beneficia
667 3992 807 4055 conferet
828 3995 860 4056 in
883 3993 1045 4076 invitum?
1083 3991 1169 4066 Quid
1186 3992 1359 4077 largiturus

408 4109 467 4172 est,
482 4094 539 4178 qui
554 4115 616 4156 uon
636 4093 775 4178 accipit?
814 4093 883 4156 Aut
898 4094 1072 4177 quomodo,
1087 4093 1112 4157 si
1132 4114 1195 4155 nou
1210 4092 1356 4178 largitur,

408 4191 548 4279 placabit
564 4194 751 4256 Romanos?
790 4188 824 4253 Si
846 4213 996 4275 personas
1017 4214 1125 4256 eorum
1144 4212 1205 4254 non
1227 4191 1354 4278 accipit,

404 4293 567 4379 quomodo
583 4292 732 4359 subsistet
748 4300 821 4355 ante
836 4290 946 4354 faciem
963 4295 1097 4354 eorum?
1137 4291 1197 4354 vix
1217 4294 1299 4356 enim
1320 4293 1353 4357 iu
