3550 5467
410 724 473 770 cie.
490 706 541 786 x.]
767 723 1020 771 ronrcnaricns.
1306 716 1365 775 117

407 895 526 936 earnem
559 896 638 937 cum
671 877 822 959 sangnine
849 898 910 938 non
942 878 1121 940 comedetis.
1171 881 1256 942 Ecce
1285 881 1363 964 quia

406 975 604 1061 primigenis,
622 989 656 1040 et
672 975 745 1039 filiis
767 977 848 1053 Noe,
863 977 972 1040 eadem
997 978 1223 1044 benedictionis
1245 980 1361 1047 collata

405 1092 449 1140 est
464 1081 587 1162 gratia,
603 1080 714 1142 eadem
730 1079 904 1143 auctoritas
919 1079 1095 1164 dignitatis,
1107 1080 1214 1144 eadem
1229 1095 1259 1145 et
1275 1082 1361 1146 cibo.

405 1201 471 1244 rum
486 1179 557 1242 fere
573 1202 723 1244 concessa
734 1189 780 1243 est
792 1179 998 1263 indulgentia.
1038 1184 1259 1266 Augmentum
1272 1207 1360 1247 nam·

405 1299 476 1366 que,
495 1292 530 1343 et
551 1279 790 1364 multiplicatio,
812 1281 925 1363 gratiae
948 1281 1165 1347 dilatationem
1188 1285 1356 1369 exprimit:

404 1379 583 1444 dominium
616 1394 721 1456 terrae,
748 1394 780 1445 et
811 1382 982 1445 bestiarum
1014 1397 1126 1460 terror,
1155 1385 1358 1470 privilegium

405 1481 584 1566 potestatis,
600 1481 786 1545 victualium
808 1482 1006 1556 universitas,
1022 1498 1067 1547 est
1091 1484 1242 1548 indicium
1267 1486 1360 1550 liber-

405 1583 489 1645 tatis.
535 1582 653 1645 Omnia
669 1579 826 1666 siquidem
843 1581 963 1644 munda
983 1581 1121 1645 mundis.
1167 1584 1234 1648 Nec
1257 1587 1359 1650 recolo

406 1684 501 1768 bajus
510 1683 743 1748 benedictionis
754 1683 955 1769 privilegium
968 1683 1029 1745 alio
1039 1683 1197 1747 indultum
1209 1699 1360 1772 tempore,

405 1809 500 1871 quam
518 1808 586 1871 quo
601 1786 781 1849 innocentia
797 1808 853 1870 per
869 1784 1057 1848 creationem
1074 1785 1148 1849 data
1164 1800 1221 1864 est,
1232 1801 1288 1852 aut
1304 1812 1360 1875 per

406 1887 593 1950 medicinam
611 1887 800 1951 sacramenti
813 1885 862 1949 vel
875 1883 1072 1972 poenitentiae
1085 1897 1237 1972 reparata.
1277 1890 1358 1953 Nam

407 2004 436 2052 et
462 1988 513 2051 his
537 1985 644 2051 statim
670 2003 741 2074 post
758 1988 928 2063 diluvium,
945 2001 975 2051 et
1001 1987 1062 2051 illis
1085 2004 1159 2051 ante
1181 2005 1358 2076 peccatum,

406 2091 477 2154 ideo
499 2091 585 2155 forte
606 2091 726 2155 dictum
754 2104 814 2167 est,
830 2090 960 2154 crescite
984 2105 1014 2153 et
1039 2090 1304 2176 multiplicamini,
1322 2108 1358 2159 ut

407 2191 491 2255 illius
514 2191 685 2255 dumtaxat
707 2205 927 2275 augmentum,
951 2203 982 2254 et
1006 2191 1229 2277 multiplicatio
1251 2199 1358 2280 acqui-

406 2305 507 2371 ratur,
522 2291 609 2378 quod
637 2293 725 2355 Deus
748 2293 867 2355 homini
889 2293 1024 2357 contulit
1047 2316 1103 2379 per
1126 2309 1283 2373 naturam,
1299 2310 1357 2361 aut

407 2394 590 2457 reformarit
605 2414 663 2479 per
681 2395 828 2478 gratiam.
875 2397 948 2458 Hoc
963 2409 1067 2459 autem
1093 2409 1124 2459 et
1147 2421 1284 2462 crescere
1304 2401 1358 2485 jn-

408 2495 503 2560 betur
523 2496 556 2558 in
581 2519 624 2574 se,
639 2507 672 2560 et
695 2496 931 2581 quodammodo
956 2496 1158 2582 multiplicari
1183 2500 1213 2561 in
1239 2501 1357 2563 sobole.

410 2597 448 2659 In
465 2619 499 2660 se
517 2596 648 2683 quidem
664 2597 705 2661 ad
729 2597 833 2661 meriti
859 2598 1048 2683 profectum,
1063 2597 1095 2660 in
1118 2599 1235 2676 sobole,
1251 2621 1359 2663 nume·

408 2720 481 2762 rosa
512 2698 652 2784 quadam
680 2699 909 2784 propagatione
936 2699 1103 2761 virtutum.
1150 2699 1256 2774 Quum
1286 2720 1360 2764 vero

409 2814 524 2864 natura
540 2801 582 2862 sit
597 2800 710 2865 vitiata
729 2822 786 2886 per
801 2801 941 2885 culpam,
957 2813 992 2861 ut
1008 2818 1146 2860 crescere
1171 2812 1226 2861 unt
1252 2797 1361 2862 multi·

409 2900 521 2987 plicari
546 2902 713 2987 jubeatur,
742 2924 804 2965 uon
836 2902 976 2964 memini.
1029 2900 1121 2962 Licet
1150 2912 1255 2962 autem
1287 2922 1360 2984 quae

410 3000 574 3086 praemissa
589 3014 674 3077 sunt,
691 3016 773 3063 stare
794 3015 913 3086 queant
929 2999 970 3062 ad
986 2998 1121 3073 literam,
1138 3019 1238 3082 quum
1254 2999 1360 3061 omnia

410 3101 440 3164 in
457 3123 552 3165 usum
564 3101 639 3167 vitae
654 3101 792 3166 hominis
803 3100 931 3177 cedant,
943 3112 974 3162 et
986 3120 1024 3161 ea
1035 3099 1116 3184 ipsa,
1129 3122 1201 3183 qnae
1214 3097 1361 3161 videntur

409 3224 476 3265 esse
503 3200 664 3266 mortifera
689 3202 782 3265 etiam
812 3202 891 3275 visu,
917 3199 1063 3274 odoratu,
1090 3197 1216 3274 auditu,
1244 3198 1360 3262 nedum

411 3317 499 3369 tactu
515 3307 565 3366 vel
581 3316 690 3387 gustu,
702 3303 811 3388 qualia
825 3314 900 3365 sunt
917 3301 1081 3364 nocentius
1097 3322 1260 3379 venenosa,
1271 3300 1362 3363 cibus

412 3403 475 3469 sint
491 3404 640 3482 hominis,
661 3416 718 3467 aut
744 3406 813 3488 ejus
838 3415 1003 3467 vertantur
1028 3402 1060 3464 in
1085 3401 1212 3465 cibum:
1244 3402 1362 3487 poterit

411 3518 515 3569 tamen
531 3517 563 3568 et
578 3502 676 3568 alium
700 3527 823 3568 sensum
851 3518 1008 3570 scrutator
1034 3503 1188 3589 mysticus
1211 3502 1360 3568 invenire.

413 3606 546 3670 Sensum
563 3621 668 3671 tamen
685 3605 870 3670 historicum
887 3607 1024 3686 roborat,
1039 3607 1126 3692 quod
1150 3606 1251 3692 pisces
1266 3607 1361 3672 sanis-

410 3704 516 3783 simos,
531 3716 563 3768 et
580 3704 674 3781 feras,
688 3723 824 3787 quarum
844 3723 955 3766 carnes
978 3702 1155 3766 utilissimae
1172 3717 1259 3778 sunt,
1276 3705 1362 3768 vide·

410 3827 480 3869 mus
504 3804 617 3868 crebro
639 3803 883 3867 venenatissima
908 3803 1034 3889 reptilia
1058 3803 1221 3882 devorare,
1236 3818 1268 3869 et
1292 3807 1361 3891 ipsa

411 3929 529 3971 venena
555 3905 737 3968 inseruntur
763 3904 1011 3980 medicamentis,
1035 3906 1153 3990 quibus
1178 3929 1240 3969 non
1267 3909 1361 3970 modo

409 4022 526 4074 natura
543 4020 740 4070 sustentatur
760 4006 910 4087 humana,
925 4006 977 4070 sed
995 4006 1088 4070 etiam
1111 4006 1275 4071 infirmitas
1289 4030 1361 4069 con-

409 4109 549 4176 valescit.
596 4107 706 4181 Quum
724 4127 798 4170 vero
813 4109 949 4192 primum
972 4109 1012 4170 sit
1029 4106 1238 4169 excutiendus
1253 4129 1362 4169 sensus

408 4213 592 4288 historicus,
607 4210 793 4295 quicunque
817 4210 956 4271 animum
983 4206 1030 4269 cel
1058 4206 1097 4269 ad
1123 4204 1230 4279 fidem,
1248 4203 1295 4266 vel
1320 4206 1361 4268 ad

409 4339 506 4402 opera
534 4312 620 4384 fidei,
638 4332 711 4394 quae
738 4322 812 4374 sunt
838 4309 912 4372 boni
941 4329 1053 4384 mores,
1076 4306 1177 4388 magis
1202 4304 1361 4380 informat,
