3550 5467
408 767 481 812 cae.
497 747 592 832 xxa]
765 766 1019 812 norrensrrcus.
1311 755 1370 813 177

405 916 500 1002 plane
514 937 592 980 vere
605 915 745 1001 religiosi
755 928 842 988 sunt,
858 916 936 980 drrm
950 917 1198 1001 professionibus
1211 918 1365 994 serviunt,

405 1016 445 1080 ab
454 1015 517 1080 hac
532 1015 657 1079 malitia
668 1017 824 1079 immunes
836 1031 921 1081 sunt.
949 1015 1046 1080 Nulla
1056 1016 1123 1082 vita
1132 1016 1266 1091 fidelior,
1278 1018 1366 1080 nulla

406 1117 596 1204 simplicior,
608 1117 696 1182 nulla
711 1117 842 1195 felicior,
857 1140 954 1203 quam
971 1139 1092 1194 eorum,
1105 1118 1162 1204 qui
1177 1118 1208 1180 in
1219 1118 1364 1183 claustris

406 1220 544 1285 fideliter
555 1219 693 1305 degunt,
702 1234 734 1284 et
745 1220 910 1283 humiliter
920 1220 1097 1304 abjectione
1109 1243 1165 1286 sua
1176 1221 1363 1304 gaudentes,

406 1320 595 1385 obedientes
611 1321 751 1406 praelatis
769 1322 835 1385 suis
857 1322 888 1385 in
910 1322 994 1385 omni
1018 1321 1211 1403 subjectione
1227 1337 1257 1384 et
1276 1345 1364 1386 reve-

409 1421 522 1497 rentia,
539 1443 598 1484 nec
620 1434 806 1507 appetentes
827 1423 887 1485 sub
910 1421 1099 1486 ohedientia
1119 1423 1244 1486 nomine
1264 1423 1363 1486 domi-

409 1537 533 1601 natum,
549 1535 607 1586 aut
625 1521 807 1598 fraudandi,
825 1536 881 1588 aut
899 1525 1046 1606 vagandi,
1062 1539 1116 1588 ant
1132 1524 1254 1587 ociandi
1272 1523 1365 1587 lieen-

408 1623 496 1698 tiam,
512 1647 589 1687 vasu
604 1647 663 1687 sua
675 1625 871 1711 possidentes
881 1624 912 1687 in
926 1626 1225 1699 sanctificatione,et
1235 1625 1365 1701 honore,

367 1744 370 1749 ·
407 1724 630 1812 preestolantes
644 1726 678 1790 iu
694 1726 819 1789 silentio
834 1738 866 1788 et
877 1726 1030 1809 patientia
1046 1725 1183 1789 salutare
1203 1726 1299 1798 Dei,a
1311 1726 1365 1789 de-

409 1827 564 1890 tractione
574 1840 607 1890 et
619 1848 782 1889 murmure
792 1825 898 1901 alieni,
912 1826 1106 1911 excipientes
1115 1825 1155 1889 ab
1170 1848 1224 1888 ore
1235 1824 1365 1887 Domini

409 1927 1365 2014 inquieteverbum,quodsalvarepotestanimassuas,grata

409 2034 577 2095 miscentes
588 2053 661 2094 curn
672 2033 741 2094 Deo
752 2029 922 2115 colloquia,
933 2043 965 2093 et
977 2030 1067 2115 quasi
1079 2043 1241 2093 terrestres
1250 2029 1365 2113 angeli,

410 2144 484 2195 sunt
500 2130 599 2196 totius
620 2131 790 2195 mundanae
811 2131 1059 2216 perturbationis
1077 2133 1187 2214 ignari.
1236 2133 1361 2217 Siquid

409 2246 515 2298 autern
538 2233 707 2318 est,'quo‹l
730 2256 783 2297 eos
803 2234 989 2298 contristare
1010 2234 1167 2310 videatur,
1188 2234 1227 2297 ad
1250 2237 1363 2299 carita-

409 2349 470 2399 tem
487 2334 662 2399 fratemam
678 2335 881 2398 referendum
898 2349 957 2412 est,
972 2337 1049 2421 quia
1061 2350 1091 2401 et
1109 2339 1139 2400 in
1155 2337 1244 2401 coelis
1259 2337 1362 2420 angeli

408 2435 528 2500 nostris
542 2435 781 2521 quodammodo
797 2435 939 2519 lapsibus
954 2438 1203 2522 compatiuntur,
1219 2452 1250 2501 et
1267 2459 1365 2523 super

408 2537 1230 2623 uuopeccatore,poenitentismagente,congsurlent.
1255 2541 1362 2616 Quum

409 2662 483 2704 vero
505 2639 713 2726 philosophos
734 2640 852 2704 imitari
869 2654 976 2704 nostro
1000 2654 1152 2726 tempore,
1176 2664 1240 2726 quo
1262 2642 1364 2704 virtus

410 2742 576 2807 exinanita
586 2755 646 2816 est,
661 2757 694 2805 et
711 2744 859 2804 Astream
878 2741 994 2805 relictis
1015 2741 1198 2805 bominibus
1212 2742 1252 2804 ad
1269 2741 1365 2804 coelos

410 2855 533 2908 contest
544 2841 684 2920 rediisse,
693 2843 735 2905 sit
748 2841 898 2917 arduum,
911 2842 975 2905 vita
984 2840 1199 2904 claustralium
1217 2841 1364 2904 virtutem

411 2945 673 3030 philosophorum
697 2944 988 3028 incomparabiliter
1007 2942 1177 3020 antecedit,
1199 2956 1255 3005 aut
1278 2943 1364 3027 quod

410 3045 524 3111 melius
552 3046 753 3122 crediderim,
786 3045 960 3109 rectissime
985 3058 1015 3107 et
1049 3044 1204 3107 tutissime
1228 3043 1365 3129 philoso-

410 3147 562 3234 phantur.
608 3148 672 3222 Qui
697 3169 771 3211 vero
792 3147 1020 3232 adexplendas
1043 3146 1242 3210 necessitates
1256 3167 1363 3209 eorum

409 3247 620 3334 egrediuntur
632 3247 806 3323 humiliter,
823 3260 855 3310 et
870 3248 901 3310 in
917 3248 961 3310 eis
972 3246 1108 3311 fideliter
1120 3257 1294 3319 versantur,
1307 3247 1365 3309 etsi

411 3373 473 3415 non
490 3350 691 3429 securiorem,
714 3349 807 3434 plane
832 3348 987 3413 utiliorem
1011 3363 1179 3419 exercent;
1203 3358 1235 3409 et
1260 3345 1367 3425 vitam,

413 3452 554 3516 maxima
583 3450 677 3515 laude
700 3451 790 3534 digni
820 3465 852 3514 et
879 3450 1065 3524 reverentia,
1097 3471 1299 3534 nequaquam
1325 3449 1364 3512 ad

414 3551 649 3641 Epicureorum
668 3553 717 3616 vel
731 3553 982 3639 Hypocritarum
1013 3552 1181 3615 factionem
1204 3550 1369 3618 accedunt.

414 3657 498 3722 Nam
515 3655 698 3741 hypocritas
716 3653 881 3738 Epicureis
904 3655 1076 3718 rectissime
1093 3654 1292 3740 aggregabis,
1308 3659 1366 3739 qui

414 3756 647 3844 philosophiam
665 3756 866 3839 profitentur,
886 3774 918 3820 et
934 3757 1071 3842 propria>
1094 3757 1236 3820 serviunt
1257 3756 1367 3819 voluu-

417 3864 486 3926 tati.
532 3861 641 3932 Quum
659 3859 731 3923 lites
745 3858 885 3934 foveant,
901 3858 1075 3943 privilegiis
1096 3859 1283 3935 abutantur,
1306 3880 1369 3920 ser·

415 3962 501 4026 siant
532 3960 716 4047 cupiditati,
744 3961 885 4024 caritatis
914 3962 1018 4025 officia
1047 3983 1248 4045 nequaquam
1279 3982 1368 4022 exer-

414 4076 516 4138 ceant,
541 4062 701 4147 propriam
725 4075 871 4147 quaerant
895 4062 1040 4145 gloriam,
1067 4084 1169 4124 nonne
1192 4061 1365 4123 seeundum

414 4187 541 4228 carnem
572 4163 750 4239 ambulant,
782 4163 855 4227 licet
885 4186 917 4225 se
945 4161 1125 4246 spirituales
1153 4161 1367 4230 mentiantur3

416 4271 530 4332 merito
544 4279 750 4351 expectantes
764 4263 928 4331 interitum
950 4265 1064 4335 caruis,
1082 4260 1252 4348 participes
1268 4258 1371 4320 futuri

414 4370 571 4454 gehennae
588 4367 684 4443 illius,
710 4370 801 4453 cujus
816 4382 847 4432 et
864 4388 999 4452 nequam
1017 4365 1149 4449 spiritus
1166 4373 1224 4437 est,
1247 4359 1372 4444 etquis

461 4492 534 4537 vos.
552 4493 595 4537 ιν.
894 4489 914 4533 s'
