3550 5467
407 751 480 795 cnr.
498 732 589 812 vnn]
775 751 1029 798 nonrcnarrcns,
1302 745 1366 803 269

404 902 519 987 liquet,
543 923 640 987 quam
665 900 757 965 facile
787 915 903 975 ament,
929 917 1051 990 quanta
1073 904 1197 969 oderint
1222 904 1363 988 levitate,

404 1001 587 1088 quamcito
604 1001 833 1067 obliviscantur
852 1004 1039 1082 affectuum,
1058 1020 1089 1069 et
1112 1019 1234 1071 naturae
1255 1007 1364 1072 imme·

407 1125 522 1182 mores,
534 1102 694 1167 interdum
708 1104 740 1166 in
752 1103 832 1168 lilios
842 1118 1017 1179 armentur,
1031 1105 1190 1172 interdum
1202 1108 1234 1171 in
1246 1109 1365 1173 viscera

407 1228 477 1269 sua.
525 1207 608 1269 Sunt
624 1205 741 1291 aliquae
757 1206 981 1291 pudicissimae,
998 1206 1070 1272 licet
1088 1209 1253 1294 Satyricus
1268 1210 1365 1290 dicat,

409 1308 564 1393 quoniam
1196 1304 1198 1308 ⁴

549 1415 618 1466 Rara
631 1415 687 1466 aris
698 1415 726 1465 in
740 1415 824 1475 terris,
837 1416 966 1484 nigroque
980 1415 1111 1468 simillima
1124 1436 1216 1487 cygno,

406 1507 523 1573 mulier
545 1520 666 1572 exactae
688 1509 852 1574 castitatis.
898 1513 944 1575 Et
975 1512 1125 1595 tragicus,
1148 1513 1267 1578 nullam
1297 1538 1364 1578 esse

405 1611 555 1675 feminam
583 1624 647 1675 tam
676 1610 838 1697 pudicam,
863 1635 938 1696 quae
961 1634 1023 1675 non
1047 1614 1212 1698 peregrina
1234 1615 1365 1680 libidine

407 1736 512 1800 usque
541 1714 581 1777 ad
606 1713 746 1777 furorem
778 1713 977 1778 incendatur.
1024 1715 1176 1779 Matrona
1205 1718 1366 1802 quaedam,

404 1816 564 1880 referente
586 1816 748 1894 Petronio,
772 1814 890 1901 Ephesi
915 1829 979 1879 tam
1003 1831 1086 1881 notae
1110 1832 1175 1883 erat
1202 1818 1365 1904 pudicitiae

409 1931 445 1983 ut
456 1917 630 1982 vicinarum
645 1940 776 2003 quoque
791 1917 934 2000 gentium
948 1917 1081 1981 feminas
1091 1917 1131 1982 ad
1148 1919 1364 2004 spectaculum

406 2019 458 2084 sui
472 2032 629 2084 evocaret.
675 2022 756 2083 Haec
772 2041 848 2102 ergo
864 2041 965 2104 quum
984 2018 1086 2083 virum
1104 2021 1282 2099 extulisset,
1300 2045 1363 2087 non

407 2135 557 2186 contenta
567 2120 691 2207 vulgari
709 2143 796 2185 more
808 2120 907 2184 funus
923 2123 1084 2207 prosequi,
1099 2123 1240 2188 crinibus
1250 2124 1365 2210 sparsis

409 2238 442 2290 et
455 2223 604 2298 turbatis,
617 2237 673 2287 aut
686 2222 843 2287 nudatum
857 2238 969 2308 pectus
984 2226 1016 2287 iu
1029 2240 1201 2312 conspectu
1217 2227 1364 2314 frequen·

408 2328 639 2412 deplangere,
655 2327 688 2389 in
704 2325 916 2389 conditorium
940 2328 1034 2390 etiam
1052 2342 1223 2413 prosecuta
1245 2343 1294 2394 est
1309 2329 1363 2393 de·

406 2427 780 2513 sunctum,positumque
793 2426 823 2490 in
837 2427 1013 2512 hypogato,
1022 2432 1137 2493 Graeco
1147 2453 1366 2515 more‚corpus

406 2526 567 2593 custodire
582 2551 618 2590 ac
632 2525 709 2591 flere
725 2527 801 2590 totis
816 2527 964 2590 noctibus
980 2526 1156 2613 diebusque
1171 2529 1279 2613 coepit.
1313 2531 1364 2594 Sic

407 2627 611 2694 afflictantem
627 2650 670 2702 se,
691 2650 727 2689 ac
746 2637 877 2689 mortem
900 2626 1006 2690 inedia
1028 2640 1281 2712 persequentem,
1302 2651 1363 2692 non

407 2744 554 2817 parentes
578 2740 754 2815 potnerunt
783 2726 953 2802 abducere,
979 2749 1039 2789 non
1064 2728 1248 2814 propinqui.
1293 2733 1364 2794 Ma·

405 2833 561 2918 gistratus
586 2829 697 2895 ultimo
728 2826 860 2914 repulsi,
890 2827 1049 2892 abierunt.
1095 2828 1364 2915 Complorataque

408 2935 578 3019 singularia
598 2930 736 3014 exempli
758 2929 876 2992 femina
891 2930 932 2993 ab
954 2929 1113 3010 omnibus,
1128 2929 1277 3015 quintum
1296 2932 1363 3018 jam

408 3037 494 3102 diem
518 3035 584 3099 sine
606 3033 758 3098 alimento
781 3032 947 3096 trahebat:
978 3031 1139 3096 assidebat
1162 3055 1258 3117 aegrae
1281 3030 1366 3097 fidis-

404 3139 487 3204 sima
514 3136 638 3215 ancilla,
668 3133 829 3220 simulque
851 3148 883 3197 et
915 3132 1093 3218 lachrymas
1123 3134 1365 3200 commendabat

405 3239 542 3327 lugenti,
557 3253 589 3304 et
605 3238 857 3327 quotiescunque
872 3236 1031 3300 deiecerat
1047 3235 1185 3322 positum
1201 3237 1232 3301 in
1255 3260 1367 3303 monu-

406 3354 516 3407 mento
537 3342 655 3418 lumen,
670 3339 856 3404 renovabat.
901 3339 976 3402 Una
991 3338 1093 3423 igitur
1104 3338 1135 3402 in
1153 3351 1220 3403 tota
1236 3337 1366 3406 civitate

404 3443 518 3509 fabula
536 3457 617 3520 erat,
644 3441 748 3505 solum
773 3441 853 3506 illud
879 3439 1036 3505 affulsisse
1061 3462 1171 3504 verum
1200 3440 1365 3527 pudicitiae

406 3545 589 3633 amorisque
604 3543 798 3631 exemplum,
820 3544 923 3608 omnis
937 3543 1059 3608 ordinis
1079 3542 1221 3607 homines
1237 3546 1364 3611 confite·

406 3649 536 3713 bantur.
582 3649 689 3724 Quum
705 3645 830 3709 interim
847 3647 1020 3730 imperator
1035 3644 1208 3730 provinciae
1227 3645 1365 3710 latrones

404 3747 663 3834 crucibusjussit
679 3745 776 3829 affigi,
793 3745 968 3809 secundum
986 3743 1071 3809 illam
1088 3744 1240 3825 casulam,
1254 3745 1286 3809 in
1300 3770 1366 3832 qua

406 3871 516 3916 recens
527 3850 663 3915 cadaver
674 3860 817 3913 matrona
829 3846 977 3912 deflebat.
1027 3848 1177 3911 Proxima
1188 3865 1365 3934 ergonocte

406 3977 509 4041 quum
521 3953 622 4032 miles,
632 3953 690 4038 qui
700 3973 809 4014 cruces
821 3951 978 4027 servabat,
988 3949 1108 4035 nequis
1119 3949 1159 4013 ad
1170 3949 1366 4036 sepulturam

407 4080 524 4143 corpus
539 4054 731 4128 detraheret,
748 4065 887 4117 notasset
909 4053 968 4116 sibi
985 4051 1140 4115 etlumen
1157 4052 1239 4114 inter
1256 4074 1366 4114 monu-

406 4172 513 4223 menta
528 4157 646 4222 clarius
665 4154 802 4240 fulgens,
817 4168 848 4218 et
870 4155 1024 4239 gemitum
1051 4151 1190 4236 lugentis
1214 4150 1365 4225 audisset,

406 4261 483 4326 vitio
505 4262 611 4346 gentis
633 4258 794 4334 humanae,
812 4255 973 4339 concupiit
996 4254 1075 4316 scire
1098 4252 1181 4336 quis,
1207 4264 1263 4313 aut
1287 4251 1365 4335 quid

406 4362 535 4428 faceret.
583 4357 754 4424 Descendit
785 4358 896 4440 itaque
930 4353 961 4417 in
985 4353 1212 4426 conditorium,
1236 4352 1365 4437 visaque
