3550 5467
275 766 346 812 cnr.
364 747 466 826 xxm]
622 762 876 810 eonrcnrrrcus.
1172 755 1235 814 ott

277 919 395 980 tionem
416 936 490 978 cum
513 913 674 999 superbia,
693 927 725 979 et
746 913 805 977 hoc
827 913 957 999 quidem
982 915 1104 980 iaciunt
1127 917 1229 980 multi.

275 1017 383 1090 Ozias,
408 1037 503 1101 quem
531 1014 631 1079 literoe
653 1013 887 1099 irrefragabiles
908 1016 1033 1102 justum
1062 1018 1093 1080 in
1120 1018 1230 1082 multis

273 1115 374 1179 fuisse
394 1128 650 1190 commemorant,
667 1127 794 1179 mortuo
815 1115 972 1180 Zacharia
991 1118 1164 1197 sacerdote,
1179 1117 1231 1182 cui

275 1237 450 1299 cognomen
465 1215 529 1279 fuit
550 1214 742 1298 intelligens,
757 1215 899 1279 ordinem
922 1218 1147 1282 sacerdotalem
1167 1240 1229 1281 non

274 1329 342 1379 tam
373 1315 435 1401 pie,
465 1338 560 1402 quarn
590 1315 742 1380 audacter
771 1315 898 1390 invasit,
924 1329 957 1380 et
986 1318 1231 1385 reclamantibus

275 1414 408 1491 Levitis,
433 1434 537 1476 nonne
567 1425 603 1478 tu
632 1436 665 1477 es
693 1411 790 1476 Ozias
819 1435 886 1488 rex,
911 1427 943 1478 et
973 1436 1035 1478 uon
1064 1416 1228 1480 sacerdos?

274 1513 388 1577 audire
417 1514 618 1600 contempsit.
665 1515 844 1599 Statimque
874 1513 962 1600 lepra
991 1529 1113 1600 partem
1143 1516 1228 1580 illam

275 1613 419 1700 corporis
442 1616 512 1700 ejus
535 1614 661 1691 invasit,
685 1637 782 1700 quam
810 1614 966 1693 sacerdos,
989 1638 1028 1679 ex
1054 1615 1134 1698 lege,
1159 1617 1229 1681 auri

275 1716 405 1801 tegebat
416 1714 544 1794 lamina,
556 1730 605 1791 ut,
616 1716 714 1802 juxta
729 1717 985 1802 imprecationem
999 1717 1229 1803 propheticam,

275 1815 373 1882 facies
387 1819 456 1903 ejus
476 1817 649 1902 ignominia
669 1817 852 1903 repleretur.
892 1819 964 1884 Rex
987 1819 1117 1905 quidem
1133 1834 1229 1903 notus

274 1931 335 1992 est,
347 1933 379 1981 et
394 1940 434 1981 ex
449 1916 564 1981 coaevis
577 1918 718 2001 regibus,
730 1931 761 1980 et
777 1939 816 1980 ex
831 1939 869 1980 eo
884 1920 1031 1995 maxime,
1045 1918 1133 2004 quod
1147 1943 1230 1984 anno

277 2022 390 2083 mortis
418 2021 487 2105 ejus
517 2031 613 2083 natus
641 2032 688 2082 est
719 2018 888 2097 Romulus,
916 2043 1026 2107 aquo
1055 2045 1156 2106 genus
1181 2035 1232 2086 est

279 2121 508 2184 Romanorum.
548 2118 720 2184 imitantur
739 2118 869 2205 plurimi
885 2121 1009 2197 Oziam,
1026 2122 1233 2188 sacerdotalia

278 2237 517 2309 praesumentes,
534 2223 588 2287 sed
605 2221 724 2310 lepram
747 2226 818 2310 ejus
833 2226 1012 2310 paucissimi
1028 2227 1231 2292 erubescunt.

278 2322 393 2386 Plures
418 2336 521 2387 tamen
549 2338 728 2410 sequuntur
757 2325 958 2402 Antiochum,
985 2332 1043 2412 qui
1070 2350 1132 2392 non
1159 2351 1231 2393 cum

278 2423 460 2500 devotione,
473 2438 507 2490 ut
522 2427 635 2491 offerat
646 2426 714 2490 vice
728 2427 911 2507 sacerdotis,
923 2440 1029 2491 sancta
1040 2429 1232 2513 ingreditur,

278 2523 333 2588 sed
350 2537 386 2588 ut
405 2524 509 2589 deleat
524 2526 550 2589 si
571 2526 650 2610 quid
674 2527 769 2588 estin
791 2528 911 2612 templo
931 2527 1060 2589 Domini
1077 2541 1231 2593 sanctum.

279 2628 388 2699 Quum
404 2627 487 2689 enim
511 2627 690 2691 Antiochus
712 2625 915 2689 desolationis
937 2639 967 2689 et
991 2627 1232 2691 abominationis

278 2726 399 2790 idolum
416 2727 612 2801 fabricasset,
628 2726 725 2789 libros
745 2725 824 2808 legis
841 2726 902 2789 Dei
918 2727 1092 2792 combussit
1106 2729 1183 2811 igni,
1199 2746 1232 2794 et

278 2828 372 2893 scidit
392 2851 456 2900 eos,
473 2840 505 2890 et
527 2826 613 2909 apud
637 2848 873 2913 quemeumque
893 2827 1136 2892 inveniebantur
1159 2828 1231 2894 libri

278 2928 460 2993 testamenti
485 2927 627 3002 Domini,
642 2940 674 2991 et
697 2927 881 3013 quicunque
903 2929 1114 2993 observabant
1129 2930 1229 3014 legem

277 3030 353 3103 Dei,
378 3025 553 3090 secundum
579 3025 718 3091 edictum
744 3029 828 3111 regis
853 3028 1002 3092 Antiochi
1030 3030 1232 3094 trucidabant

276 3151 362 3193 eum.
400 3126 475 3191 Vidi
498 3127 694 3212 temporibus
715 3128 793 3192 meis
813 3129 981 3192 nonnullos
997 3129 1184 3195 sacerdotali
1200 3155 1232 3196 se

277 3234 490 3297 immiscentes
498 3228 614 3306 officio,
624 3242 656 3293 et
669 3229 819 3294 humeros
832 3232 996 3295 temerarie
1007 3248 1233 3319 supponentes,

279 3347 317 3397 ut
342 3352 448 3395 arcam
475 3330 683 3417 praeriperent
710 3331 751 3396 ab
778 3331 919 3396 humeris
947 3333 1146 3411 Levitarum,
1173 3335 1232 3399 loci

278 3431 488 3509 immemores,
503 3430 560 3516 qui
581 3431 613 3494 in
633 3445 818 3517 praesentem
835 3431 920 3496 diem
943 3433 1062 3498 dicitur
1084 3459 1148 3499 orae
1164 3458 1234 3521 per-

281 3531 395 3596 cussio.
432 3528 522 3596 Alios
538 3527 615 3606 vidi,
630 3531 686 3614 qui
703 3531 802 3596 libros
817 3533 897 3617 legis
911 3532 1069 3619 deputant
1082 3535 1161 3621 igni,
1177 3558 1243 3601 nec-

281 3630 424 3695 scindere
435 3643 597 3706 verentur,
607 3630 633 3693 si
645 3631 676 3694 in
690 3653 802 3696 manus
813 3656 922 3697 eorum
934 3634 1010 3720 jura
1023 3636 1235 3719 pervenirent,

278 3745 333 3796 aut
348 3753 492 3795 canones.
536 3732 698 3817 Tempore
713 3733 796 3816 regis
812 3733 966 3820 Stephani
982 3757 1002 3797 a
1017 3757 1115 3820 regno
1133 3737 1234 3823 jussae

282 3846 357 3896 sunt
373 3832 458 3916 leges
474 3833 641 3913 Romanoe,
651 3856 732 3919 quas
747 3834 778 3897 in
796 3835 994 3900 Britanniam
1010 3836 1127 3902 domus
1142 3861 1234 3902 vene·

280 3932 388 3996 rabilis
403 3934 505 4017 patris
521 3930 714 4011 Theobaldi,
732 3935 969 4001 Britannicarum
986 3936 1143 4022 primatis,
1156 3940 1234 4000 asci-

281 4045 378 4096 verat.
424 4036 474 4096 Ne
496 4034 569 4117 quis
590 4035 686 4097 etiam
711 4034 809 4098 libros
833 4037 996 4111 retineret,
1019 4035 1122 4097 edicto
1148 4035 1236 4118 regio

280 4130 478 4216 prohibitum
493 4146 553 4207 est,
565 4146 597 4196 ct
614 4131 746 4195 Vacario
761 4149 872 4198 nostro
886 4133 1042 4198 indictum
1058 4132 1234 4196 silentium:

281 4231 348 4306 sed,
366 4234 436 4294 Deo
458 4230 602 4306 faciente,
619 4254 657 4294 eo
678 4232 778 4313 magis
800 4232 900 4297 virtus
915 4232 994 4317 legis
1009 4233 1155 4308 invaluit,
1171 4255 1238 4312 quo

280 4354 348 4396 cam
361 4331 500 4418 amplius
510 4334 672 4399 nitebatur
682 4330 829 4419 impietas
839 4334 1007 4399 infirmare.
1040 4333 1121 4412 Quis
1133 4346 1239 4398 autem
