3550 5467
404 757 467 816 308
638 767 776 811 ioannis
789 765 1086 812 suessonamssrs
1203 748 1286 828 [aas.
1301 769 1362 812 sm.

411 920 531 984 sanitas
545 918 713 1003 promittat
728 917 961 994 liberationem,
974 939 1051 980 vere
1067 917 1165 982 liberi
1178 939 1363 1004 nequaquan

412 1021 566 1095 sunt,nisi
578 1019 755 1107 quosfllius
764 1019 958 1083 liberaverit.
988 1019 1046 1083 Ta
1060 1034 1206 1096 naturae,
1215 1021 1365 1104 grauna

410 1122 520 1208 gloriae
535 1121 697 1204 distingue
714 1121 905 1195 libertatem,
916 1135 951 1183 et
966 1120 1116 1185 invenies
1131 1121 1256 1185 nullam
1270 1143 1364 1185 earum

408 1225 449 1288 de
464 1224 604 1287 vanitate
618 1223 813 1304 contingere,
824 1243 881 1284 nec
898 1221 958 1286 tibi
973 1221 1124 1285 conditio
1139 1225 1246 1307 magis
1259 1222 1365 1286 servilis

410 1338 567 1399 occurret,
590 1346 687 1410 quam
715 1323 852 1409 tyranni.
900 1321 934 1386 Si
957 1325 1046 1387 enim
1071 1324 1131 1389 ubi
1157 1326 1289 1411 spiritus
1309 1326 1365 1388 Ilo-

410 1428 500 1502 mini,
514 1426 559 1489 ibi
575 1425 715 1500 libertas,
730 1426 907 1489 miserrima
930 1424 1080 1509 prolecto
1096 1428 1261 1492 servitute
1273 1427 1366 1513 depri-

413 1529 522 1601 mitur,
539 1550 634 1614 quem
651 1527 783 1613 spiritus
798 1548 935 1610 nequam
952 1530 1113 1612 exagitat.

413 1944 492 2029 Cap.
514 1951 562 2008 17.
588 1943 631 2007 ln
644 1963 707 2026 qao
725 1950 887 2025 tyrannas
907 1965 929 2005 a
951 1946 1105 2027 principe
1125 1945 1270 2032 ἅψεται,
1283 1953 1313 2009 at
1331 1946 1362 2007 ds

453 2048 628 2127 tyrannide
650 2047 867 2109 sacerdotum:
896 2048 987 2108 etin
1013 2067 1079 2128 qno
1100 2057 1231 2128 partor,
1245 2051 1362 2129 fund

453 2151 670 2211 mercenarius
683 2149 723 2209 ab
736 2150 870 2211 inuicem
885 2147 1053 2235 differant.

457 2332 498 2394 lu
513 2353 579 2414 quo
596 2330 741 2416 princeps
755 2331 881 2395 differat
898 2354 917 2394 a
933 2344 1082 2417 tyranno,
1096 2331 1181 2398 dum
1196 2332 1359 2397 revolvere·

412 2446 466 2498 tur
491 2446 621 2497 auctore
647 2431 820 2496 Plutarcho
849 2432 1010 2497 institutio
1042 2435 1195 2521 Trajaui,
1226 2441 1362 2522 superius

411 2538 533 2602 dictum
549 2551 607 2611 est,
622 2549 653 2599 et
678 2558 751 2620 quae
766 2534 918 2620 principis
938 2535 1005 2600 sint
1019 2535 1137 2612 officia,
1160 2554 1220 2602 aut
1243 2539 1360 2622 reipuh

411 2639 481 2703 licae
496 2638 648 2713 membra,
664 2635 833 2720 diligenter
847 2634 1039 2719 expositum.
1086 2637 1185 2701 Unde
1197 2637 1319 2702 facilius
1331 2652 1360 2700 et

410 2740 616 2827 paucioribus
639 2752 790 2824 poterunt
812 2738 1017 2812 innotescere,
1039 2761 1117 2825 qua·
1131 2763 1152 2802 e
1170 2739 1300 2824 regione
1318 2740 1361 2804 di·

411 2843 513 2906 cenda
526 2857 601 2907 suut
617 2842 657 2905 de
673 2856 816 2926 tyranno.
860 2842 921 2903 Est
941 2861 1019 2923 ergo
1036 2841 1227 2927 Tyrannus,
1244 2855 1281 2906 at
1294 2865 1360 2906 eum

412 2945 593 3030 philosophi
629 2943 852 3027 depinxerunt,
888 2941 945 3026 qui
976 2941 1115 3006 violenta
1154 2943 1362 3009 dominatione

412 3045 567 3130 populum
584 3044 712 3128 premit,
727 3044 809 3107 sicut
824 3044 879 3128 qui
898 3041 1024 3126 legibus
1039 3043 1121 3127 regit
1146 3045 1296 3131 princeps
1308 3058 1361 3108 cst.

413 3149 513 3211 Porro
543 3146 593 3210 lex
618 3145 736 3209 donum
763 3143 823 3209 Dei
845 3158 903 3218 est,
927 3143 1089 3229 aequitatis
1112 3145 1230 3223 l'orma,
1261 3168 1363 3210 norma

406 3246 1363 3336 justitiae,divinaevoluntatisimago,salutiscustodia,unio

413 3366 445 3416 et
461 3350 669 3416 consolidatio
685 3353 889 3436 populorum,
905 3347 1017 3433 regula
1028 3348 1219 3431 officiorum,
1228 3353 1364 3416 exclusio

410 3466 442 3516 et
458 3451 681 3515 exterminatio
703 3449 862 3523 vitiorum,
883 3446 1044 3512 violentiae
1062 3467 1095 3513 et
1122 3451 1226 3516 totius
1245 3452 1363 3540 injurio

411 3576 516 3636 paena.
563 3557 644 3618 Hoec
659 3565 765 3616 autem
784 3564 837 3614 aut
854 3549 1015 3627 violentia,
1030 3564 1087 3615 aut
1109 3551 1188 3618 dolo
1202 3554 1363 3641 impugna·

412 3668 476 3726 tur,
490 3667 522 3717 et
538 3656 630 3739 quasi
645 3670 702 3717 aut
720 3653 818 3718 leonis
833 3651 1031 3716 immanitate
1048 3666 1210 3738 vastatur,
1224 3673 1280 3721 aut
1294 3658 1364 3721 dra·

410 3755 496 3815 conis
512 3754 738 3838 supplantatur
753 3755 885 3820 insidiis.
931 3753 1136 3840 Quocunque
1150 3772 1259 3824 autem
1275 3760 1363 3824 modo

410 3855 442 3919 ia
459 3855 526 3930 fiat,
542 3854 671 3939 planum
689 3868 737 3918 est
757 3857 892 3938 gratiam
907 3858 1103 3942 oppugnari,
1118 3873 1152 3924 et
1170 3861 1276 3926 Deum
1291 3885 1364 3949 quo·

410 3956 582 4022 dammodo
591 3959 753 4040 provocari
765 3958 805 4021 ad
818 3959 975 4043 praelium.
1008 3959 1166 4048 Princeps
1177 3979 1302 4050 pugnat
1312 3988 1365 4052 pro

411 4063 535 4147 legibus
558 4074 590 4124 et
616 4057 729 4145 populi
761 4058 928 4125 libertate:
959 4074 1122 4147 tyrannus
1155 4068 1236 4132 nihil
1265 4082 1363 4133 actum

409 4180 516 4251 putat,
531 4162 588 4227 nisi
604 4165 690 4244 leges
709 4176 853 4242 evacuet,
868 4177 900 4225 et
922 4162 1079 4246 populum
1102 4167 1244 4236 devocet
1264 4174 1295 4237 in
1310 4193 1367 4234 ser·

409 4269 554 4333 vitutem.
601 4268 710 4348 lmago
725 4263 872 4348 quiedam
895 4264 1075 4330 divinitatis
1089 4284 1141 4335 est
1166 4274 1365 4363 princepsa

409 4385 564 4456 tyrannus
585 4382 632 4433 est
653 4367 844 4431 adversariae
865 4368 1080 4447 fortitudinis,
1101 4389 1135 4440 et
1161 4380 1368 4447 Luciferiaoo
