3550 5467
287 756 356 802 car.
371 737 436 817 vn]
643 758 895 804 rotrcnarrcus.
1187 747 1243 806 lot

286 907 470 971 stabiliendi
483 929 588 971 mores
597 907 715 973 altioris
726 910 821 973 animi
833 910 1021 995 philosopho
1034 908 1242 973 traderentur.

286 1010 450 1073 Caeterum
466 1008 572 1093 gloria
593 1031 632 1073 ne
653 1010 695 1073 ab
715 1011 766 1075 his
788 1011 930 1097 quidem,
946 1012 1002 1097 qui
1024 1023 1241 1094 contemptum

285 1110 353 1194 ejus
368 1109 577 1174 introducere
592 1124 758 1186 conantur,
774 1111 957 1197 negligitur.
1003 1114 1085 1175 Nam
1107 1124 1139 1176 et
1155 1110 1243 1174 volu·

286 1209 425 1274 minibus
455 1211 585 1274 nomina
610 1235 668 1275 sua
696 1213 868 1296 diligenter
897 1213 1064 1298 adjiciunt,
1088 1224 1124 1275 ut
1153 1210 1242 1297 quod

286 1311 483 1395 professione
498 1311 615 1387 levant,
631 1316 835 1397 usurpatione
850 1316 1010 1377 memoriae
1024 1325 1243 1397 assequantur.

289 1410 352 1476 Hic
374 1432 424 1476 est
439 1413 534 1498 cujus
555 1415 828 1500 disputationibus
850 1416 999 1479 effectum
1022 1429 1081 1491 est,
1107 1427 1140 1479 ut
1167 1419 1245 1478 Aca-

288 1511 394 1576 demia
423 1527 591 1578 moveatur
619 1515 721 1597 magis
755 1516 926 1591 rationum,
957 1539 1051 1601 quarn
1086 1514 1244 1579 collisione

288 1627 465 1679 ventorum.
497 1614 590 1679 Licet
605 1615 688 1678 enim
705 1615 937 1700 Peripateticus
953 1639 1014 1679 non
1032 1615 1244 1679 Academicus

287 1729 465 1794 censeatur,
487 1739 524 1778 eo
546 1729 650 1780 tamen
675 1715 867 1792 solicitante,
889 1716 931 1780 de
953 1714 1085 1802 singulis
1108 1715 1244 1778 maxime

287 1830 454 1901 coeperunt
471 1815 636 1897 Platonici,
651 1816 708 1903 qui
724 1815 828 1881 relicti
844 1830 946 1897 erant,
962 1816 1027 1879 fere
1042 1815 1082 1879 de
1097 1815 1245 1878 omnibus

286 1915 447 1981 dubitare.
473 1916 640 2003 Siquidem
655 1931 725 2003 post
739 1931 871 1982 mortem
887 1918 1030 1981 Platonis
1041 1917 1244 2001 Chrysippus

287 2017 404 2081 sororis
423 2019 494 2104 ejus
514 2018 611 2096 lilius,
627 2032 659 2082 et
682 2019 880 2082 Xenocrates
902 2018 1038 2082 dilectus
1059 2018 1128 2102 ejus
1148 2016 1244 2081 disci·

288 2116 396 2202 pulos,
418 2119 450 2180 in
474 2118 624 2199 scholam,
645 2143 719 2206 quae
743 2119 914 2185 Academia
934 2119 1118 2198 vocabatur,
1140 2118 1241 2180 cidem

288 2233 516 2300 successerunt,
531 2233 561 2284 et
578 2221 619 2284 ob
636 2221 695 2284 boc
710 2221 769 2307 ipsi
786 2234 817 2285 et
833 2243 1025 2284 successores
1039 2242 1148 2283 corum
1163 2222 1247 2283 Aca-

288 2318 402 2384 demici
419 2324 616 2388 vocabantur
631 2346 649 2386 a
664 2324 744 2398 loco,
761 2324 842 2387 sicut
868 2324 1024 2388 Platonici
1040 2345 1057 2385 a
1081 2323 1243 2407 magistro.

288 2421 339 2484 Ex
352 2423 474 2508 quibus
486 2424 579 2488 valde
591 2425 749 2488 nobilitati
763 2439 835 2488 sunt
850 2425 966 2499 Graeci,
980 2423 1138 2498 Plotinae,
1152 2425 1174 2485 J
1177 2447 1245 2486 am·

285 2520 423 2604 blictrus,
437 2539 468 2589 et
486 2527 684 2612 Porphyrius
699 2526 861 2590 catlrolicae
885 2526 1039 2598 veritatis,
1057 2540 1094 2588 ut
1115 2524 1245 2603 dicitur,

287 2626 445 2706 pessimus
459 2625 673 2710 impugnator.
707 2627 742 2689 ln
755 2640 890 2710 utraque
906 2647 980 2687 vero
995 2623 1116 2707 lingua,
1130 2624 1245 2688 Groeca

286 2721 404 2786 scilicet
431 2737 463 2788 et
487 2726 612 2802 Latina,
636 2726 749 2788 nobilis
772 2725 879 2788 extitit
904 2722 1061 2807 Apuleius
1082 2722 1172 2797 Aser,
1196 2723 1244 2787 vir

286 2845 424 2908 magnus
439 2825 593 2911 inprimis,
610 2840 641 2890 et
657 2828 711 2912 qui
728 2839 895 2889 venustate
919 2847 1055 2899 morum,
1071 2840 1103 2888 et
1118 2823 1245 2888 dicendi

287 2925 388 3009 copia,
407 2927 602 2991 Socraticum
627 2928 758 3007 fontem,
779 2941 810 2992 et
832 2940 1005 2990 torrentem
1031 2924 1243 3002 Platonicum,

287 3025 379 3089 facile
395 3027 547 3105 redoleat,
561 3028 609 3091 vel
627 3029 765 3092 tenuiter
777 3027 922 3114 sapienti.
957 3027 1007 3089 Ab
1019 3026 1068 3089 his
1082 3025 1244 3091 fluxerunt

285 3127 395 3192 etalii
419 3128 524 3203 multi,
548 3132 605 3214 qui
628 3128 818 3193 dubitabilia
844 3127 1002 3191 discutere
1025 3128 1079 3206 sic,
1103 3141 1138 3191 ut
1164 3127 1244 3190 nulli

287 3229 564 3315 praejudicaretur,
575 3231 766 3305 maluerunt,
782 3252 878 3314 quam
896 3252 975 3293 ausu
989 3229 1154 3292 temerario
1170 3229 1245 3292 defi-

286 3329 364 3406 nire,
395 3330 532 3394 maxime
562 3353 663 3416 quum
698 3335 854 3395 occultam
884 3331 1047 3395 crederent
1078 3329 1244 3394 veritatem

286 3452 408 3508 eorum,
431 3431 471 3495 de
494 3432 614 3516 quibus
636 3431 667 3493 in
694 3449 861 3518 utramque
885 3444 1006 3519 partem
1035 3430 1244 3519 probabiliter

287 3530 480 3617 disputatur.
516 3532 613 3596 Unde
629 3545 660 3596 et
677 3533 941 3597 Academicorum
958 3535 1181 3620 antiquissima
1197 3557 1242 3596 re-

285 3631 363 3717 gula
378 3646 437 3710 est,
455 3651 490 3696 ut
507 3632 645 3719 quisque
660 3635 746 3719 quod
764 3634 823 3698 sibi
838 3635 974 3700 occurrit
992 3634 1169 3721 probabile,
1184 3658 1242 3712 suo

282 3729 356 3817 jure
372 3733 538 3798 defendat.
999 3727 1002 3731 ’
