3550 5467
405 740 479 788 cna.
495 724 567 804 aa]
750 739 1004 785 rocrcmrrcus.
1299 731 1362 792 308

405 892 595 958 necessitate
611 888 758 976 proximi,
773 890 887 955 mentis
903 890 1022 956 viscera
1037 890 1178 957 claudit?
1206 894 1236 957 Ε
1252 907 1363 960 contra

404 990 657 1078 ingratissimum
677 1001 710 1053 et
728 988 961 1055 odiosissimum
985 991 1111 1071 vitium,
1128 993 1216 1079 quod
1240 1017 1296 1058 nec
1317 996 1362 1060 ef-

405 1094 494 1159 fectu
524 1092 655 1180 prodest
684 1091 765 1172 aliis,
791 1114 847 1156 uec
872 1093 1000 1158 affectu.
1046 1098 1128 1160 Haec
1153 1109 1200 1160 est
1226 1095 1362 1162 avaritia

404 1193 573 1260 latentium
608 1192 793 1278 indagatrix
827 1193 1004 1272 lucrorum,
1034 1196 1210 1261 manifestae
1239 1197 1360 1284 praedae

404 1296 588 1361 avidissima
602 1318 731 1380 vorago,
747 1317 852 1381 neque
868 1295 1005 1361 habendi
1020 1298 1129 1363 fructu
1138 1298 1215 1364 felix
1225 1314 1257 1365 et
1272 1303 1362 1388 cupi·

404 1399 507 1465 ditate
522 1397 687 1486 quarendi
703 1397 886 1464 miserrima.

614 1516 688 1579 Quid
699 1533 751 1568 non
762 1515 881 1568 mortalia
893 1521 996 1587 pectora
1007 1518 1079 1586 cogit

511 1603 578 1655 Auri
588 1599 774 1654 merssames?

407 1705 576 1793 lleriphile
590 1704 652 1769 viri
674 1704 772 1769 vitam
793 1727 872 1769 auro
892 1703 1051 1770 distraxit.
1098 1706 1194 1770 Suam
1211 1706 1361 1795 Philippo

406 1807 550 1873 vendidit
574 1806 701 1872 Graecia
722 1805 913 1872 libertatem.
958 1808 1004 1872 Et
1030 1806 1061 1871 in
1089 1809 1189 1894 ipsam
1219 1808 1360 1876 valerius

406 1909 573 1974 Maximus
594 1907 643 1973 his
665 1908 819 1995 exemplis
839 1909 1010 1974 invehitur.
1056 1911 1164 1988 Quum
1185 1909 1359 1977 admodum

406 2011 555 2099 locupleti
587 2014 623 2076 L.
654 2010 794 2075 Munitio
830 2011 949 2076 Basilio
982 2011 1098 2077 falsum
1134 2023 1358 2079 testamentum

406 2113 537 2201 quidam
566 2114 599 2177 iu
631 2112 758 2176 Groecia
786 2112 982 2198 subjecisset,
1008 2113 1217 2201 ejusdemque
1246 2115 1359 2179 confir·

405 2213 516 2279 mandi
529 2215 644 2299 gratia,
661 2212 897 2298 potentissimos
912 2212 1050 2278 civitatis
1072 2227 1188 2280 nostra.
1209 2215 1294 2280 viros
1308 2217 1359 2283 Μ.

407 2318 559 2382 Crassum
574 2327 606 2379 et
623 2314 661 2391 Q.
678 2311 901 2391 Hortensium,
917 2314 1037 2400 quibus
1055 2317 1217 2382 Munitins
1233 2316 1360 2404 ignotus

407 2416 524 2491 fuerat,
538 2414 657 2481 tabulis
674 2414 797 2479 heredis
812 2415 1003 2496 inseruisset,
1018 2441 1212 2504 quamquam
1232 2418 1361 2484 evidens

405 2518 496 2583 fraus
511 2530 592 2594 erat,
608 2529 711 2580 tamen
728 2532 863 2603 uterque
884 2520 1028 2602 pecuniae
1049 2518 1197 2602 cupidus,
1212 2518 1360 2584 facinoris

406 2618 499 2685 alieni
532 2638 648 2682 munus
676 2639 738 2682 non
774 2617 964 2705 repudiavit.
1024 2619 1182 2695 Quantam
1218 2619 1358 2706 culpam,

406 2742 502 2805 quam
519 2719 630 2784 leviter
649 2717 759 2784 retuli!
802 2718 942 2782 Lumina
960 2718 1069 2799 curiae,
1082 2733 1267 2785 ornamenta
1289 2721 1362 2802 sori,

406 2821 493 2908 quod
507 2820 612 2887 scelus
627 2819 785 2885 vindicare
801 2817 990 2896 debuerant,
1007 2819 1165 2885 inhonesti
1185 2820 1265 2885 lucri
1285 2846 1359 2909 cap-

406 2938 479 2988 tura
503 2921 641 2996 inritati,
665 2921 914 2987 auctoritatibus
940 2921 1007 2985 suis
1032 2934 1192 2989 texerunt.
1238 2927 1358 2991 Verum

407 3027 571 3114 aliquanto
585 3025 719 3109 majores
736 3024 816 3088 vires
832 3027 864 3089 in
886 3024 924 3101 Q.
942 3024 1053 3090 Cassio
1067 3023 1229 3102 exhibuit3
1252 3027 1358 3112 quiin

408 3128 566 3216 Hispania
582 3127 707 3192 Sillium
722 3141 754 3191 et
776 3126 931 3190 Albinum
953 3125 1105 3191 Pumium
1127 3126 1291 3192 occidendi
1309 3129 1358 3193 sui

405 3233 521 3318 gratia,
536 3253 610 3294 cum
626 3230 821 3316 pugionibus
836 3227 1059 3314 deprehensos,
1071 3228 1284 3315 quinquagies
1300 3253 1361 3294 ses-

407 3333 536 3397 tertium
552 3331 593 3394 ab
607 3329 674 3409 illo,
689 3331 731 3394 ab
746 3329 806 3393 hoc
821 3328 964 3413 sexagies
979 3341 1092 3414 pactus
1101 3327 1231 3394 dimisit.
1268 3333 1360 3394 Anne

406 3434 576 3500 dubitcssi
596 3432 731 3497 alterum
753 3445 876 3496 tantum
897 3429 1039 3510 daretur,
1056 3428 1210 3516 jugulum
1230 3453 1359 3518 quoque

407 3559 500 3601 suum
516 3558 611 3623 aeqno
625 3535 730 3598 animo
744 3533 807 3597 illis
822 3533 919 3597 fnisse
933 3533 1167 3618 praebiturum?
1195 3535 1357 3601 Caeterum

406 3639 540 3704 arentia
563 3652 637 3702 ante
658 3659 766 3700 omnes
788 3634 867 3700 Vitii
891 3634 1062 3721 Septimuli
1085 3636 1260 3722 precordia
1285 3661 1357 3725 pos·

406 3741 503 3806 sedit:
537 3743 595 3826 qui
615 3762 714 3825 quum
733 3739 773 3803 C.
788 3738 926 3803 Gracchi
941 3737 1105 3803 familiaris
1120 3737 1243 3819 suisset,
1259 3755 1358 3827 caput

406 3844 477 3928 ejus
495 3841 692 3919 abscindere,
706 3851 738 3904 et
760 3861 816 3924 per
838 3840 950 3903 urbem
970 3839 1037 3925 pilo
1056 3840 1170 3920 lixum,
1189 3841 1272 3905 ferre
1290 3865 1357 3907 sus·

409 3945 516 4023 tinuit,
538 3945 615 4030 quia
639 3942 787 4028 Opimius
810 3941 930 4005 Consul
955 3964 1035 4005 auro
1062 3939 1123 4028 ipsi
1149 3965 1358 4027 repensurum

405 4047 559 4112 edixerat.
604 4048 686 4110 Sunt
701 4045 758 4131 qni
774 4043 902 4108 tradant
921 4044 1044 4130 liquato
1064 4043 1197 4128 plumbo
1217 4064 1290 4104 eum
1305 4063 1358 4105 ca·

405 4165 511 4215 vatam
526 4162 649 4237 partem
665 4146 790 4234 capitis,
803 4170 867 4230 quo
881 4144 1088 4230 ponderosius
1103 4156 1196 4219 esset,
1206 4141 1358 4226 explesse.

408 4251 520 4315 Fuerit
536 4248 590 4315 ille
607 4248 787 4321 seditiosus,
804 4245 887 4308 bono
908 4242 1038 4329 perierit
1059 4241 1217 4327 exemplo,
1234 4240 1358 4309 clientis

405 4367 510 4417 tamen
531 4349 662 4415 scelesta
681 4349 792 4421 tames,
812 4346 845 4408 in
865 4345 922 4407 lias
943 4366 1045 4428 usque
1061 4344 1198 4427 jacentis
1216 4340 1358 4429 injurias,
