3550 5467
423 757 485 814 ‘292
671 765 805 809 soanms
822 764 1114 809 smasaunransrs
1225 748 1305 826 [ira.
1321 764 1377 808 nn.

425 917 589 1000 indulgeat
615 917 749 981 caritati.
794 915 955 979 Etbnicus
981 939 1125 1001 quoque
1149 916 1184 979 in
1212 939 1251 980 eo
1274 916 1381 982 fidelius

424 1030 456 1082 et
477 1019 664 1082 familiarius
688 1018 815 1082 videtur
836 1015 980 1080 insistere
1004 1019 1137 1098 virtuti,
1159 1019 1251 1104 quod
1272 1019 1378 1099 statuit,

425 1134 461 1186 ut
476 1144 514 1183 ea
529 1144 602 1206 qua>
620 1121 707 1185 intus
723 1133 809 1196 sunt,
830 1117 1011 1206 hospitibus
1036 1120 1136 1184 hilari
1159 1122 1316 1186 modestia
1332 1143 1379 1206 ap·

422 1237 593 1309 ponantur,

557 1332 685 1401 Quodque
696 1332 765 1384 domi
776 1350 828 1384 non
840 1337 890 1393 est,
903 1337 932 1383 et
939 1331 1023 1382 habet
1034 1332 1152 1397 vicinus,
1164 1337 1277 1385 ematur.

423 1431 621 1497 Crediderim
652 1432 751 1497 satius
779 1455 846 1497 esse
870 1444 903 1496 et
931 1431 1126 1516 perfectius,
1154 1445 1193 1496 ut
1225 1456 1258 1497 se
1286 1434 1373 1519 ipsam

422 1533 591 1618 paululum
614 1537 716 1598 virtus
738 1533 850 1610 solvat,
870 1532 1081 1618 modesteque
1103 1533 1259 1619 desipiat.
1301 1537 1372 1598 Nam

422 1637 508 1699 etin
533 1634 601 1699 loco
626 1634 779 1722 desipere,
802 1649 839 1699 ut
864 1636 909 1698 ait
933 1634 1072 1709 ethicus,
1099 1635 1268 1700 interdum
1292 1636 1373 1700 dulce

421 1751 479 1816 est,
500 1751 530 1802 et
553 1751 617 1802 tam
638 1737 750 1801 virtuti
775 1750 1032 1817 consentaneum,
1052 1760 1156 1823 quam
1178 1738 1373 1803 humanitati.

421 1842 621 1923 Augustinus
649 1863 791 1926 quoque,
817 1851 849 1903 et
875 1838 1099 1925 Hieronymus
1129 1839 1173 1902 ad
1204 1840 1287 1904 hauc
1314 1863 1371 1904 reu

419 1942 612 2027 pertinentia
636 1943 738 2006 multa
762 1955 955 2028 proponunt.
1004 1941 1068 2005 Sed
1095 1955 1129 2005 et
1157 1942 1274 2007 beatem
1300 1945 1374 2007 Gre-

418 2047 528 2126 gorius
553 2043 737 2107 electionem
767 2041 945 2127 cujusdam,
971 2043 1063 2128 quasi
1093 2045 1186 2109 avari
1218 2045 1371 2130 reprobat,

417 2143 565 2226 eoquod
588 2144 830 2208 audierateum
858 2146 899 2208 ad
925 2147 1091 2208 caritatem
1121 2145 1212 2210 domi
1237 2170 1302 2211 suae
1321 2170 1371 2211 ex·

415 2243 593 2323 arcendam,
617 2244 773 2307 neminem
800 2245 956 2309 invitasse.
1004 2246 1073 2309 Nec
1100 2260 1211 2311 tamen
1237 2248 1371 2313 credide·

415 2344 475 2407 rim
497 2343 584 2427 quod
608 2357 717 2409 tantus
741 2358 831 2429 pater
851 2345 1053 2410 luxuriosum
1074 2350 1261 2414 convivium
1283 2351 1369 2416 vellet

415 2449 531 2511 instrui
546 2446 696 2511 invitatis.
743 2448 821 2524 Quis
841 2469 918 2532 ergo
937 2447 1073 2534 ambigit
1095 2453 1266 2516 avaritiam
1287 2475 1369 2538 posse

416 2548 582 2635 frugaliter
611 2548 786 2612 declinari?
827 2550 894 2612 Aut
921 2549 995 2634 quis
1027 2549 1166 2616 audebit
1198 2554 1367 2633 Abrabam,

418 2652 517 2726 Loth,
530 2651 677 2727 Tobiam,
688 2665 720 2715 et
732 2653 754 2713 J
756 2652 798 2714 ob
810 2650 951 2715 avaritiae
963 2664 1038 2715 nota
1050 2658 1260 2739 respergere?
1284 2657 1367 2720 Beati

417 2756 439 2816 J
441 2754 483 2817 ob
494 2753 736 2838 descriptionem
747 2752 874 2817 audisti.
901 2754 996 2816 Nunc
1008 2754 1034 2818 si
1050 2754 1112 2836 vis,
1123 2754 1202 2820 audi
1215 2757 1369 2842 quomodo

417 2859 467 2919 M.
484 2855 605 2920 Coelios
620 2855 770 2919 describit
786 2854 977 2919 Antonium:
1005 2857 1242 2942 Ingredientes,
1256 2860 1365 2946 inquit,

412 2959 517 3043 ipsum
540 2957 707 3021 offendunt
731 2959 904 3021 temulento
923 2978 1035 3041 sopore
1055 2958 1279 3044 profligatum,
1296 2962 1364 3026 totis

413 3059 597 3145 praecordiis
620 3072 815 3135 stertentem,
842 3070 1008 3122 ructuosos
1035 3060 1172 3144 spiritus
1198 3064 1363 3145 geminare,

411 3162 642 3248 praeclarasque
652 3159 895 3225 contubernales
906 3161 947 3224 ab
961 3162 1111 3227 omnibus
1121 3165 1255 3250 spondis
1270 3179 1363 3230 traus-

411 3288 518 3330 versas
534 3266 693 3343 incubare,
708 3279 739 3328 et
753 3264 892 3350 reliquas
912 3264 1135 3350 circumjacere
1151 3268 1283 3352 passim,
1296 3290 1363 3354 quie

411 3381 515 3432 tamen
538 3367 727 3430 exanimatae
750 3379 868 3431 terrore
892 3366 933 3430 ab
959 3366 1102 3431 bostium
1126 3369 1273 3435 adventu
1299 3394 1364 3457 per·

409 3482 513 3553 cepto.
529 3465 668 3532 excitare
690 3467 868 3531 Antonium
887 3468 1104 3531 conabantur:
1133 3491 1252 3534 nomen
1273 3471 1364 3537 incla-

409 3569 550 3641 mabant,
565 3567 686 3631 frustra
700 3567 875 3631 cervicibus
892 3565 1056 3644 tollebant,
1068 3568 1224 3635 blandius
1238 3571 1311 3635 alie
1323 3570 1361 3635 ad

409 3689 529 3745 aurem,
543 3666 614 3729 aliae
630 3669 848 3733 vehementius
867 3669 1068 3744 invocabant,
1085 3672 1252 3738 nonnullae
1271 3677 1361 3738 etiam

409 3766 574 3831 feriebant.
613 3770 755 3843 Quarum
772 3792 872 3855 quum
895 3771 1035 3834 omnium
1052 3795 1162 3836 vocem
1181 3786 1363 3859 tactumque

407 3882 561 3946 nosceret,
577 3870 730 3952 proximae
746 3874 903 3957 cujusque
923 3872 1038 3937 collum
1055 3874 1210 3960 amplexu
1227 3877 1362 3963 petebat,

407 3996 509 4060 neque
520 3970 657 4034 dormire
668 3974 837 4050 excitatus
850 3998 954 4061 neque
967 3974 1098 4061 vigilare
1109 3978 1220 4042 ebrius
1232 3990 1361 4064 poterat,

408 4077 462 4141 sed
478 4075 665 4141 semisomno
685 4098 807 4160 sopore,
824 4077 906 4140 inter
926 4100 1039 4141 manus
1053 4080 1278 4146 centurionum
1293 4102 1362 4143 oon·

406 4178 658 4261 cubinarumque
684 4176 879 4260 jactabatur.
932 4182 1012 4242 Haec
1042 4179 1175 4264 quidem
1204 4193 1263 4245 aut
1291 4201 1361 4243 vera

406 4279 547 4360 fuerunt,
561 4292 618 4344 aut
637 4279 826 4343 verisimilia.
866 4279 956 4344 Nihil
972 4280 1055 4344 enim
1073 4280 1122 4343 bis
1143 4305 1250 4368 oeque
1264 4281 1360 4347 credi-

406 4382 502 4446 bilius
535 4383 624 4467 fingi,
653 4405 756 4468 neque
790 4383 1009 4447 vehementius
1041 4385 1228 4469 exprobari,
1259 4407 1357 4470 neque
