3550 5467
401 758 464 816 ³10
656 766 793 814 Jonuurs
808 764 1105 811 ssuususmsusis
1205 745 1282 825 [nna
1295 763 1349 807 rna

402 920 546 1006 AEgypti,
560 918 764 983 immunditia
778 930 809 981 et
821 916 1019 981 crudelitate
1035 916 1186 1000 insignis,
1201 914 1258 1000 qui
1272 917 1348 978 Pom·

400 1023 504 1107 peiurn
521 1023 608 1086 letho
622 1021 773 1084 damnare
794 1042 907 1095 ausus,
923 1035 982 1085 aut
1001 1019 1117 1102 potius
1137 1040 1242 1081 mores
1260 1031 1347 1102 tyran·

399 1148 509 1190 norum
525 1139 615 1190 sueta
629 1121 879 1209 praesumptione
894 1123 1099 1209 exprimens,
1115 1123 1174 1197 ait,

507 1261 555 1315 Jus
567 1265 594 1311 et
605 1257 645 1310 fas
657 1256 752 1309 multos
762 1255 870 1319 iaciunt,
885 1255 1043 1320 Ptolemae,
1056 1261 1195 1307 nocentes

507 1346 563 1397 Dat
574 1360 665 1415 poenas
676 1343 782 1395 laudata
792 1341 871 1404 fides,
884 1359 965 1410 quum
977 1344 1108 1405 sustinet,
1121 1343 1217 1411 inquit,

506 1432 581 1494 Quos
592 1429 694 1483 fortuna
705 1429 813 1500 premit:
831 1426 897 1479 satis
908 1428 1018 1490 secede,
1030 1429 1156 1496 deisque,

505 1517 542 1569 Et
553 1516 608 1569 cole
620 1514 718 1577 felices,
729 1514 836 1567 miseroe
846 1512 929 1579 fuge:
947 1514 1037 1565 sidera
1049 1520 1125 1566 terra

507 1605 546 1656 Ut
557 1604 663 1664 distant,
674 1607 703 1657 ut
715 1600 819 1652 flamma
831 1601 907 1662 mari,
919 1601 959 1652 sic
971 1599 1038 1652 utile
1050 1606 1135 1652 recto.

506 1691 669 1759 Sceptrorum
681 1688 720 1738 ris
731 1691 786 1737 tota
797 1685 873 1756 perit,
885 1686 908 1736 si
920 1685 1038 1757 pendere
1046 1687 1124 1756 justa

504 1774 614 1846 Incipit:
634 1775 775 1840 evertitque
787 1772 855 1824 acies
866 1778 1004 1841 respectus
1015 1771 1133 1823 honesti.

506 1860 627 1911 Libertas
638 1857 764 1910 scelerum
777 1863 826 1917 est,
838 1873 897 1923 quse
909 1873 995 1922 regna
1006 1857 1093 1907 inrisa
1105 1863 1206 1913 uretur,

505 1944 678 2011 Sublatusque
690 1943 780 1995 modus
792 1941 889 2008 gladii3
915 1941 1004 1994 iacere
1016 1944 1107 1993 omnia
1119 1959 1193 1994 saere

504 2031 565 2081 Nou
578 2031 684 2100 impune
695 2028 764 2090 licet,
776 2029 826 2079 nisi
838 2045 918 2097 quum
930 2026 1006 2089 facis,
1019 2033 1101 2080 exeat
1112 2027 1175 2081 aule

502 2114 556 2175 Qui
569 2115 639 2166 volet
650 2132 708 2165 esse
720 2116 793 2182 pius:
812 2113 893 2164 virtus
905 2119 932 2164 et
944 2130 1049 2165 summa
1059 2119 1180 2183 potestas

502 2199 564 2249 Non
575 2207 678 2262 coeunt,
689 2217 792 2270 semper
803 2205 911 2262 metuet,
923 2217 1002 2268 quem
1014 2216 1084 2250 saera
1096 2199 1240 2270 pudebunt.

395 2317 1342 2404 Ergorespectushonestietjusti,minimus,autnullusest,

395 2423 427 2483 in
439 2419 518 2482 facie
531 2433 752 2504 tyrannorum,
764 2432 797 2483 et
809 2420 874 2482 sive
889 2420 1108 2498 ecelesiastici,
1117 2424 1185 2485 sive
1201 2418 1342 2482 mundani

396 2522 469 2599 sint,
491 2521 597 2584 omnia
619 2543 710 2606 posse
734 2520 857 2599 volunt,
871 2536 1114 2587 contemnentes
1136 2522 1216 2609 quid
1240 2538 1341 2608 poten-

396 2625 472 2688 tiam
493 2623 658 2687 antecedat
680 2626 761 2686 hauc
781 2638 837 2686 aut
859 2640 1024 2709 sequatur.
1066 2625 1224 2710 [trisque
1246 2639 1341 2688 tamen

394 2725 455 2788 lroc
484 2724 668 2809 persuaderi
699 2724 822 2804 vellem,
851 2723 997 2788 divinum
1022 2725 1166 2789 noudum
1188 2728 1342 2811 expirasse

389 2827 560 2912 judicium,
576 2829 662 2912 quod
678 2826 872 2911 primigenis,
887 2842 920 2890 et
936 2829 1048 2891 semini
1063 2851 1175 2892 eorum
1191 2827 1341 2892 inflictum

393 2943 456 2994 est:
480 2927 956 3015 quod,quianolueruntquum
970 2928 1277 3015 possent,inflictum
1287 2943 1340 3002 est,

393 3055 432 3094 ne
455 3029 575 3116 possint
592 3030 686 3094 etiam
706 3030 843 3115 justitiae
858 3029 1080 3117 obtemperare
1103 3054 1207 3117 quum
1225 3031 1340 3095 volunt.

393 3133 475 3194 Nam
492 3146 524 3195 et
539 3130 709 3217 proverbio
720 3130 782 3194 dici
795 3130 895 3194 solet:
919 3134 1072 3218 Quiaqui
1086 3157 1149 3198 non
1162 3138 1232 3199 vult
1247 3155 1340 3220 quum

391 3245 511 3318 potest,
528 3255 589 3295 non
606 3231 719 3318 utique
735 3231 851 3317 poterit
866 3254 967 3317 quum
986 3234 1081 3300 volet.
1131 3237 1244 3323 Hujus
1259 3235 1340 3300 verbi

390 3337 486 3403 etiam
502 3356 638 3419 magnus
661 3333 796 3398 Basilius
810 3346 921 3397 auctor
943 3348 1002 3398 est.
1049 3338 1201 3422 Rogatus
1222 3341 1341 3402 enims

390 3435 585 3507 muliercula,
610 3449 646 3498 ut
668 3456 727 3519 pro
742 3456 779 3496 ea
801 3434 935 3518 principi
958 3433 1182 3517 intercederet,
1202 3439 1339 3503 chartam

387 3537 457 3617 ejus
480 3534 637 3621 accipiens
660 3535 703 3597 sic
726 3533 849 3620 scripsit
873 3534 1030 3620 principi:
1059 3537 1262 3625 paupercula
1277 3539 1339 3602 hec

388 3634 516 3697 accessit
539 3636 579 3696 ad
604 3657 666 3712 me,
688 3634 806 3715 dicens,
828 3657 918 3721 posse
941 3658 991 3698 me
1013 3639 1103 3724 apud
1123 3655 1166 3704 te.
1212 3642 1245 3703 Si
1268 3660 1340 3723 ergo

388 3756 527 3817 possum,
550 3733 693 3796 ostende.
740 3737 784 3800 Et
806 3736 895 3800 dedit
919 3736 1045 3800 mulieri
1069 3740 1225 3807 chartam.
1263 3745 1338 3819 Quae

386 3833 494 3897 abiens
530 3831 620 3896 dedit
658 3834 825 3917 epistolam
861 3836 1017 3922 principi;
1065 3839 1242 3929 legensque
1276 3864 1340 3906 eam

385 3934 547 4020 princeps,
562 3933 723 4017 rescripsit
741 3934 827 4000 lunc:
855 3938 990 4021 Propter
1002 3960 1070 4018 vos,
1084 3964 1105 4003 o
1118 3956 1213 4026 pater
1228 3959 1340 4019 sancte,

384 4035 469 4100 volui
486 4033 625 4097 misereri
641 4032 851 4114 muliercule,
867 4036 923 4100 sed
940 4060 1001 4101 uon
1012 4044 1121 4122 potui,
1137 4065 1200 4127 pro
1209 4068 1249 4108 eo
1258 4043 1339 4130 quod

385 4137 513 4204 tributis
527 4135 681 4221 subjacet.
706 4139 841 4205 Sanctus
851 4162 926 4203 vero
937 4140 1099 4226 rescripsit
1112 4146 1159 4210 ei:
1178 4147 1337 4234 Siquidem

382 4242 490 4304 rolens
512 4259 572 4300 non
589 4238 732 4320 potuisti,
748 4239 828 4302 bene
852 4254 1016 4324 utcunque
1040 4264 1073 4304 se
1098 4266 1151 4310 res
1172 4247 1290 4313 habet:
1316 4249 1339 4310 si

382 4358 487 4419 autern
511 4354 622 4425 potens
639 4339 777 4421 noluisti,
800 4341 896 4406 ‹lucct
922 4355 953 4406 te
970 4342 1121 4410 Christus
1136 4348 1179 4412 ad
1205 4351 1340 4437 indigen
