3550 5467
534 670 575 730 ts
783 684 921 730 roanxrs
935 683 1211 729 ssnesnerusrsrs
1343 663 1432 744 [us.
1449 685 1490 732 vr.

533 837 620 900 bello
641 836 785 901 militiam
808 836 1070 916 detrectaverant,
1084 837 1118 899 in
1141 835 1285 900 Siciliam
1306 836 1395 899 velut
1413 839 1491 900 rele-

533 940 626 1020 gatis,
638 959 694 1021 per
707 951 830 1021 septem
846 960 948 1001 anuos
959 938 1115 1002 hordeum
1130 959 1173 1000 ex
1189 938 1327 1000 Senatus
1343 939 1489 1001 consulto

535 1039 645 1102 datum
679 1050 735 1102 est.
791 1041 891 1124 Appii
926 1038 1054 1104 Claudii
1095 1039 1266 1115 sententia,
1296 1051 1490 1122 senatusque

534 1141 717 1203 consultum
747 1162 869 1216 omnes,
896 1140 952 1224 qui
981 1161 1001 1202 a
1030 1139 1151 1222 Pyrrho
1181 1161 1254 1222 rege
1284 1139 1488 1221 Epirotarum

535 1243 634 1324 capti,
659 1252 691 1304 et
717 1255 831 1325 postea
853 1241 977 1304 remissi
1001 1252 1101 1316 erant,
1124 1240 1250 1324 equites
1275 1239 1317 1303 ad
1347 1240 1488 1323 peditem

534 1342 668 1425 redegit,
682 1343 724 1406 ad
745 1345 848 1407 levem
871 1357 1060 1406 armaturam
1084 1343 1233 1405 omnibus
1256 1355 1348 1405 extra
1372 1343 1489 1406 sallum

528 1445 630 1530 jussis
659 1444 800 1520 tendere,
825 1445 929 1509 donec
960 1446 1037 1507 bina
1066 1444 1205 1507 hostiurn
1236 1445 1343 1527 spolia
1373 1444 1489 1528 singuli

533 1545 693 1609 reserrent-
738 1546 819 1608 Haec
841 1544 1020 1607 Frontinus.
1068 1542 1114 1605 At
1134 1543 1258 1605 Plinius
1276 1544 1400 1620 asserit,
1415 1544 1490 1627 quia

534 1647 595 1709 fuit
619 1646 689 1710 haec
716 1667 845 1730 quoque
868 1646 1046 1728 antiquitus
1072 1644 1305 1707 animadversio
1331 1644 1486 1723 militaris,

529 1747 644 1831 jubere
659 1749 843 1830 ignominiae
859 1769 957 1810 causa
972 1748 1065 1810 militi
1081 1768 1195 1810 venam
1211 1747 1302 1824 solvi,
1314 1757 1347 1809 et
1362 1746 1489 1830 sangui·

535 1871 610 1912 nem
633 1849 759 1911 dimitti.
804 1847 906 1930 Cujus
930 1849 975 1910 rei
1001 1849 1168 1925 rationem,
1188 1848 1246 1911 etsi
1268 1849 1302 1910 iu
1327 1850 1489 1912 veteribus

534 1949 634 2013 literis
649 1971 713 2011 non
729 1953 869 2032 potuerit
883 1951 1036 2025 invenire,
1049 1951 1111 2012 hoc
1128 1963 1233 2012 tamen
1249 1949 1353 2033 primo
1367 1949 1488 2014 factum

536 2050 683 2134 opinatur
705 2051 737 2113 iu
765 2051 920 2114 militibus
943 2053 1101 2135 stupentis
1128 2049 1236 2125 animi,
1259 2061 1292 2114 et
1314 2073 1334 2114 a
1354 2053 1490 2115 naturali

535 2152 649 2217 habitu
665 2152 868 2234 declinantis,
883 2168 997 2218 utnon
1012 2171 1075 2218 tam
1092 2176 1201 2240 poena,
1216 2175 1314 2237 quam
1329 2155 1490 2219 medicina

536 2254 702 2318 rideretur.
746 2256 863 2319 Postea
882 2267 990 2320 tamen
1006 2260 1048 2320 ob
1063 2260 1216 2341 pleraque
1236 2258 1300 2320 alia
1322 2257 1442 2321 delicta
1456 2257 1489 2321 id

536 2356 713 2420 factitatum
747 2379 817 2420 esse
854 2358 965 2436 credit,
1003 2381 1060 2443 per
1092 2358 1368 2433 consuetudinem,
1399 2360 1490 2444 quasi

536 2460 641 2523 miuus
667 2461 736 2522 sani
767 2460 950 2524 riderentur
978 2484 1101 2539 omnes,
1127 2462 1181 2545 qui
1207 2474 1317 2525 contra
1346 2463 1489 2525 officium

537 2559 764 2646 delinquerent.
810 2564 893 2625 Nam
914 2564 1041 2626 levioris
1062 2565 1165 2647 culpoe
1187 2585 1251 2625 non
1267 2575 1335 2626 erat
1354 2563 1489 2645 ignomi-

534 2662 628 2726 niosa
641 2663 883 2743 animadversio,
898 2665 956 2728 etsi
971 2687 1031 2728 nec
1049 2665 1105 2727 illa
1119 2687 1161 2728 ex
1181 2665 1286 2746 vigore
1309 2665 1488 2749 discipliuae

533 2765 680 2828 militaris
705 2765 951 2829 dissimulationi
974 2768 1082 2829 locum
1106 2767 1309 2848 relinqueret.
1354 2767 1488 2830 Veteres

536 2888 664 2951 quoque
680 2869 814 2931 Graecos
832 2870 963 2931 anulum
986 2869 1135 2951 habuisse
1158 2870 1191 2932 in
1214 2869 1349 2931 sinistrae
1374 2889 1489 2934 manus

536 2967 637 3050 digito
653 2970 707 3053 qui
725 2970 855 3033 minimo
872 2971 1038 3054 proximus
1053 2980 1112 3043 cst,
1123 2971 1326 3033 celeberrime
1344 2970 1488 3035 traditur.

534 3071 700 3134 Romanos
736 3095 865 3156 quoque
904 3072 1052 3136 homines
1087 3073 1178 3135 aiunt
1214 3072 1260 3136 sic
1298 3073 1487 3158 plerumque

534 3172 666 3236 usitatos
682 3176 806 3237 anulis:
831 3195 1024 3257 causamque
1044 3175 1139 3258 hujus
1154 3175 1199 3237 rei
1216 3174 1319 3257 Apion
1340 3175 1375 3236 in
1397 3176 1487 3238 libris

533 3274 735 3356 AEgyptiacis
751 3275 941 3356 dicitquod
956 3276 1086 3339 insectis
1097 3277 1276 3360 apertisque
1288 3276 1487 3359 corporibus,

534 3385 570 3436 ut
588 3395 657 3436 mos
678 3374 748 3452 fuit,
764 3397 845 3458 quas
860 3377 967 3441 Graeci
983 3378 1126 3457 ἂνατομᾶς
1142 3389 1268 3454 vocant,
1287 3389 1487 3460 compertum

534 3485 592 3552 est,
607 3475 767 3558 quendam
789 3476 1007 3543 tenuissimum
1031 3502 1161 3544 nervum
1177 3482 1218 3544 ab
1233 3502 1272 3543 eo
1289 3502 1354 3543 uno
1374 3479 1488 3563 digito,

535 3575 576 3639 de
598 3598 663 3661 quo
686 3577 838 3659 diximus,
853 3581 894 3644 ad
917 3604 974 3645 cor
996 3583 1135 3645 hominis
1157 3584 1346 3666 pertingere,
1360 3603 1398 3646 ac
1415 3604 1487 3666 per·

534 3679 661 3742 venire:
686 3681 851 3767 risumque
873 3706 943 3747 esse
965 3707 1038 3748 eum
1061 3685 1263 3769 potissimum
1273 3683 1414 3764 digitum
1431 3682 1487 3748 tali

533 3779 655 3844 honore
685 3780 913 3862 decorandum,
943 3786 998 3870 qui
1028 3785 1208 3862 continens,
1234 3797 1266 3847 et
1291 3784 1382 3868 quasi
1410 3806 1488 3848 con·

534 3905 638 3946 nexus
668 3907 740 3949 curn
768 3888 949 3971 principatu
975 3887 1082 3951 cordis
1111 3887 1280 3950 videretur.
1325 3886 1425 3951 Unde
1455 3898 1488 3950 et

533 3985 622 4068 quasi
638 3987 794 4051 excordes
808 3990 951 4053 arbitrati
966 4000 1042 4052 sunt
1056 3989 1213 4052 curandos
1224 4001 1280 4053 aut
1294 3987 1487 4071 puniendos,

533 4087 589 4171 qui
619 4088 652 4152 in
678 4090 812 4153 militare
842 4092 982 4154 officium
1013 4090 1232 4174 deliquissent.
1278 4092 1325 4153 Ut
1352 4089 1485 4153 redeam

527 4182 572 4251 td
595 4191 801 4254 Frontinum:
827 4191 963 4256 Crassus
982 4192 1206 4276 aSempronio
1229 4194 1350 4271 Asello,
1365 4203 1397 4256 et
1416 4193 1485 4276 ple·

531 4290 636 4374 risque
661 4292 732 4355 aliis
761 4293 902 4356 historin
929 4296 1084 4358 Romanae
1111 4296 1330 4379 scriptoribus,
1354 4293 1486 4359 traditur
