3550 5467
420 723 463 781 98
676 734 812 778 massis
827 731 1106 778 ssaasnaaisssrs
1217 715 1304 795 [mn.
1321 735 1377 781 vu.

420 908 497 949 xero
511 896 586 949 sunt
596 884 736 950 obnoxia
747 883 861 958 motui,
873 905 936 946 non
952 881 1082 968 quidem
1098 895 1186 961 sunt,
1197 884 1256 948 sed
1272 884 1376 948 siden-

420 1000 474 1051 tur
485 1008 565 1061 esse,
575 1001 608 1051 et
621 1008 822 1072 nequaquam
836 997 975 1059 manent,
987 983 1174 1070 sedjugiter
1184 1002 1375 1051 evanescunt

417 1102 450 1153 et
469 1087 613 1172 fugiunt,
628 1111 685 1152 nec
705 1101 875 1174 expectant
897 1086 1151 1172 appellationem.
1190 1089 1276 1152 Sunt
1298 1111 1376 1175 prae·

417 1202 505 1255 terea
525 1189 696 1254 Platonicis
717 1203 750 1253 et
775 1188 891 1253 nostris
913 1187 1015 1251 multa
1036 1188 1229 1267 communia,
1251 1203 1288 1253 ut
1314 1191 1375 1254 sint

416 1292 547 1355 omnino
561 1291 801 1367 inexcusabiles,
812 1290 889 1354 dum
906 1290 1070 1354 veritatem
1085 1291 1147 1354 Dei
1162 1291 1195 1354 in
1211 1291 1376 1355 mendacio

418 1393 573 1458 detinent.
619 1394 760 1479 Magnus
779 1404 870 1476 pater
894 1392 1096 1474 Augustinus
1118 1406 1312 1473 auctorest,
1334 1395 1375 1473 (si

418 1510 524 1559 tamen
555 1518 629 1579 quae
656 1495 716 1557 suh
746 1493 872 1555 nomine
897 1494 967 1579 ejus
994 1507 1147 1578 concepta
1171 1492 1248 1579 legi,
1274 1495 1375 1559 recolo

418 1596 568 1675 fideliter)
594 1595 682 1681 quod
708 1595 740 1658 in
764 1594 852 1657 libris
875 1594 1108 1659 Platonicorum
1131 1596 1300 1660 inventum
1323 1596 1373 1673 sit,

415 1698 505 1784 quod
520 1698 630 1761 beatus
643 1696 849 1781 Evangelista
858 1694 1017 1759 Johannes
1028 1696 1124 1760 altius
1132 1696 1214 1761 ooelo
1223 1698 1373 1776 intonuit,

416 1811 450 1862 et
477 1797 680 1883 ultraquam
703 1796 843 1858 humana
865 1816 953 1859 mens
978 1795 1139 1882 percipere
1164 1812 1276 1882 queat,
1302 1800 1373 1865 licet

417 1899 504 1964 auris
519 1913 686 1983 utcunque
699 1899 796 1981 possit
812 1896 933 1960 audire.
966 1898 1136 1962 Inventum
1152 1912 1214 1977 est,
1229 1901 1372 1987 inquam,

416 1999 504 2084 quod
517 2000 562 2063 ait
574 1999 615 2062 ab
627 2000 718 2062 initio
730 1998 913 2082 Evangelii:
933 1999 972 2061 ln
984 1999 1140 2084 principio
1147 2016 1217 2066 erat
1231 2003 1373 2084 verbum,

416 2104 475 2164 &c
493 2123 594 2186 usque
609 2099 648 2161 ad
662 2101 766 2162 locum
782 2123 849 2184 quo
864 2100 925 2163 ait:
950 2101 995 2163 Et
1012 2100 1067 2163 lux
1083 2105 1115 2167 in
1128 2103 1269 2168 tenebris
1279 2103 1374 2185 lucet,

414 2215 448 2265 et
464 2203 603 2265 tenebrae
617 2223 685 2263 eam
704 2223 764 2263 non
780 2200 1099 2286 comprehenderunt.
1143 2205 1218 2289 Ego
1233 2206 1374 2291 quidem,

415 2302 477 2368 nisi
500 2303 531 2365 in
557 2316 685 2388 patrum
709 2302 834 2386 scriptis
856 2303 1026 2384 legeretur,
1050 2326 1255 2391 nequaquam
1278 2308 1372 2373 alicui

414 2403 591 2468 infidelium
612 2425 792 2466 concessum
816 2407 988 2476 crederem,
1005 2418 1042 2468 nt
1063 2428 1099 2468 os
1121 2407 1153 2470 in
1172 2422 1273 2473 tantae
1294 2411 1374 2475 lucis

412 2506 576 2570 oraculum
588 2505 736 2591 aperiret,
749 2529 844 2589 quam
861 2505 974 2569 oculus
989 2505 1169 2572 mundanus
1180 2532 1245 2573 non
1257 2511 1372 2578 sufficit

416 2608 543 2672 intueri.
589 2610 814 2693 Apostolorum
835 2622 941 2672 tamen
961 2620 994 2671 et
1009 2608 1235 2675 familiaritatis
1252 2613 1372 2681 intimae

414 2709 619 2796 privilegium
643 2707 793 2785 adstruit,
810 2709 896 2794 quod
922 2709 1051 2775 verbum
1075 2711 1149 2776 fidei
1172 2713 1250 2777 boni
1268 2719 1374 2802 operis

415 2811 649 2898 perseverantia
664 2810 848 2888 illustravit,
861 2833 962 2896 quum
979 2810 1159 2898 philosophi
1175 2819 1373 2897 evanuerint,

413 2934 476 2974 non
490 2910 585 2974 modo
594 2911 626 2973 iu
639 2907 896 2994 cogitationibus,
908 2911 961 2974 sed
974 2913 1124 2996 operibus
1136 2916 1213 2979 suis.
1239 2919 1372 3006 Scripsit

413 3012 512 3077 libros
527 3012 692 3099 plurimos,
706 3023 738 3074 et
759 3010 881 3098 politici
899 3011 1034 3076 hominis
1052 3013 1164 3079 merita
1179 3025 1372 3106 contempla·

412 3115 535 3178 tionum
561 3112 720 3198 repressit,
739 3128 770 3176 et
791 3112 1065 3197 contemplationis
1084 3139 1216 3182 acumen
1239 3122 1372 3188 actionis

413 3216 581 3279 necessitas
597 3237 657 3277 non
674 3213 823 3278 extinxit.
855 3214 888 3276 Si
905 3213 994 3293 liber,
1008 3216 1066 3300 qui
1081 3216 1121 3281 de
1135 3219 1290 3302 dogmate
1305 3223 1372 3308 ejus

411 3327 470 3388 est,
494 3314 721 3391 contemnitur,
736 3318 767 3377 in
790 3314 918 3377 laudem
939 3315 1009 3401 ejus
1025 3316 1188 3402 Origines,
1212 3322 1372 3410 Hierony-

411 3437 494 3491 mus,
518 3415 718 3494 Augustinus
735 3415 876 3478 omnium
901 3416 1163 3503 philosophorum
1186 3420 1372 3490 adtestatio-

411 3513 505 3577 nibus
520 3513 593 3575 freti
615 3513 789 3579 sufficiunt.
832 3517 883 3579 De
906 3533 1007 3582 morte
1022 3520 1091 3605 ejus
1112 3519 1231 3585 diversi
1247 3523 1371 3590 diversa

408 3612 622 3697 scripserunt;
651 3612 705 3675 sed
730 3616 928 3701 probabilius
945 3636 993 3684 est
1008 3644 1094 3700 eum,
1108 3623 1165 3710 qui
1187 3622 1372 3693 iunocenter

409 3715 544 3786 vixerat,
567 3726 599 3776 et
626 3714 835 3801 philosophia
858 3735 1020 3804 praecepta
1041 3744 1100 3807 pro
1122 3724 1245 3791 viribus
1267 3729 1370 3794 suerat

408 3814 582 3886 insecutus,
599 3816 696 3876 vitam
713 3815 793 3879 risui
810 3840 871 3879 non
887 3820 1025 3886 cessisse.
1071 3827 1155 3888 Nam
1172 3826 1262 3911 quod
1278 3828 1321 3892 de
1334 3852 1372 3893 eo

408 3912 553 3977 nonnulli
577 3913 720 3989 tradunt,
735 3917 814 4000 quia
838 3920 1029 3984 verecundia
1048 3939 1156 3988 motus
1177 3927 1284 3995 emisit
1307 3932 1369 4017 spi·

407 4015 518 4093 ritum,
532 4037 570 4077 eo
592 4015 678 4100 qnod
695 4032 862 4083 nautarum
879 4023 1073 4106 propositam
1098 4048 1160 4090 non
1178 4032 1288 4113 potuit
1311 4032 1370 4097 sol·

405 4137 477 4178 vere
493 4117 713 4201 quaestionem,
728 4132 853 4182 constat
870 4122 1005 4187 nominis
1019 4148 1125 4190 errore
1140 4135 1365 4218 compositum.

404 4215 568 4300 Quicquid
593 4217 675 4278 enim
699 4216 740 4278 de
761 4241 799 4281 eo
820 4221 1007 4287 Graecorum
1032 4228 1213 4312 loquuntur
1236 4236 1367 4314 sabula,

404 4316 465 4378 hoc
477 4317 517 4377 de
531 4319 684 4393 Homero,
696 4338 757 4379 non
773 4318 905 4384 Platone
920 4323 1066 4389 Valerius
1079 4331 1249 4401 Maximus
1264 4340 1368 4404 refert.
