3550 5467
288 782 357 829 cis.
372 762 508 842 assur]
639 772 893 822 eorrcaarrcus.
1203 763 1245 820 7t

288 936 319 999 id
347 946 398 998 est
428 931 579 997 secundae
603 932 684 1005 ritoe,
708 940 741 992 et
769 927 946 1011 prudentiae
977 928 1245 1007 fortunatissime,

287 1037 364 1114 sitit,
386 1046 420 1099 et
446 1034 554 1098 esurit.
600 1033 730 1114 Quippe
753 1051 818 1093 uon
841 1030 992 1110 intelligit
1014 1051 1105 1114 aeque
1128 1030 1244 1094 divites

287 1138 428 1222 spectari
458 1137 572 1211 solere,
595 1145 631 1197 ut
654 1155 756 1218 equos
785 1153 971 1196 mercamur.
1015 1134 1130 1216 Neque
1156 1134 1244 1196 enim

287 1241 321 1303 in
336 1236 486 1302 emendis
496 1237 645 1320 phaleras
660 1233 908 1312 consideramus,
917 1245 950 1297 et
960 1235 1080 1297 balthei
1091 1236 1247 1319 polimina

287 1341 492 1425 inspicimus,
521 1350 553 1401 et
586 1337 798 1400 ornatissimae
834 1336 968 1401 cervicis
1004 1336 1132 1400 divitias
1169 1358 1244 1401 con-

289 1444 493 1526 templamur.
539 1440 574 1503 Si
597 1460 641 1502 ex
655 1459 742 1515 auro,
757 1448 790 1500 et
810 1448 954 1518 argento,
969 1450 1002 1501 et
1019 1438 1164 1520 gemmis,
1178 1460 1246 1502 mo-

289 1543 372 1605 nilia
388 1542 481 1605 varim
497 1561 586 1622 gazas
601 1536 800 1622 dependent,
813 1538 840 1601 si
855 1539 954 1620 plena
968 1539 1044 1602 artis
1059 1551 1248 1602 omameuta

294 1644 396 1728 capiti
425 1654 458 1706 et
494 1642 580 1705 collo
616 1636 857 1721 circumjacent,
886 1639 914 1700 si
946 1639 1033 1701 irena
1066 1640 1189 1718 celata,
1218 1641 1246 1703 si

290 1745 449 1829 ephippia
482 1743 601 1819 fucata,
631 1742 657 1804 si
687 1740 817 1821 cingula
841 1749 952 1802 aurata
982 1751 1074 1803 suut:
1119 1742 1146 1805 si
1176 1738 1248 1803 istis

291 1847 444 1910 omnibus
473 1844 599 1908 exuviis
628 1841 767 1906 amolitis
789 1854 821 1903 et
850 1842 976 1916 amotis,
998 1863 1116 1926 equum
1140 1843 1248 1926 ipsum

291 1946 428 2023 nudum,
444 1955 477 2008 et
491 1945 595 2007 solum
611 1963 730 2026 corpus
749 1940 819 2025 ejus
834 1952 866 2005 ct
888 1942 1030 2005 animum
1051 1944 1246 2028 contempla·

292 2069 389 2123 mur;
427 2059 462 2109 ut
491 2047 533 2109 sit
561 2044 602 2108 ad
638 2044 777 2128 speciem
814 2044 979 2122 honestus,
1008 2044 1048 2108 ad
1085 2066 1248 2110 cursuram

293 2158 437 2232 vegetus,
463 2144 560 2210 etad
586 2158 747 2209 recturam
773 2144 907 2208 validus.
952 2147 1025 2210 Jam
1051 2148 1188 2230 primum
1214 2148 1248 2210 iu

294 2270 429 2334 corpore
446 2249 473 2312 si
490 2249 531 2311 sit

399 2373 583 2440 Argutumque
594 2377 680 2442 eaput,
692 2371 777 2423 brevis
788 2370 870 2434 alvus,
883 2372 1014 2441 obesaque
1027 2380 1111 2442 terga,

402 2456 585 2525 Luxuriatque
596 2455 660 2508 toris
672 2453 817 2507 animosum
829 2461 921 2527 pectus
931 2454 1057 2511 honestis.

293 2572 454 2634 Praeterea
476 2569 504 2632 si
526 2568 648 2653 duplex
670 2569 772 2650 agitur
793 2590 850 2652 per
871 2573 999 2634 lumbos
1019 2575 1121 2656 spina.
1167 2577 1250 2641 Volo

294 2672 455 2735 enimvero
484 2690 549 2732 non
579 2669 678 2733 modo
707 2670 889 2754 pemiciter‚
918 2692 1024 2735 verum
1055 2674 1150 2737 etiam
1180 2697 1251 2760 per·

294 2776 435 2840 molliter
459 2773 620 2857 periebat.
666 2775 818 2838 Similiter
839 2775 935 2857 igitur
956 2787 989 2838 et
1009 2777 1043 2838 in
1067 2776 1252 2844 hominibus

296 2874 557 2958 contemplandis
578 2876 644 2939 noli
670 2876 725 2938 illa
751 2876 856 2939 aliena
876 2877 1043 2956 aestimare,
1064 2879 1121 2942 sed
1146 2880 1252 2964 ipsum

295 2979 460 3042 bominem
484 2976 613 3060 penitus
636 2977 822 3042 considera:
857 2978 976 3061 ipsum,
998 2991 1034 3042 ut
1059 3003 1166 3046 meum
1193 2986 1252 3049 So·

297 3091 417 3146 cratem
432 3099 616 3162 pauperem,
632 3091 777 3162 expecta.
823 3079 939 3142 Aliena
954 3091 1058 3144 autem
1075 3105 1168 3161 voco,
1179 3108 1251 3168 quae

296 3191 449 3266 parentes
485 3190 691 3263 pepererunt,
720 3190 753 3242 et
783 3200 854 3261 quae
891 3179 1018 3245 fortuna
1053 3183 1166 3265 largita
1194 3197 1253 3264 est,

298 3301 434 3366 qnorum
461 3281 544 3343 nihil
563 3280 714 3344 laudibus
730 3279 872 3343 Socratis
889 3282 952 3344 mei
972 3281 1150 3348 admisceo:
1184 3289 1254 3350 nul·

297 3385 362 3446 lam
384 3383 641 3466 generositatem,
658 3383 780 3445 nullam
801 3384 994 3466 prosapiam,
1013 3387 1119 3450 nullos
1138 3390 1253 3471 longos

298 3485 433 3558 natales,
445 3484 551 3546 nullas
566 3483 741 3547 invidiosas
757 3483 894 3547 divitias.
934 3487 1017 3552 Haec
1029 3491 1113 3553 enim
1126 3504 1253 3569 cuncta,

299 3599 333 3651 ut
349 3586 435 3664 dico,
450 3586 556 3648 aliena
577 3598 660 3649 suut.
705 3585 783 3649 Sata
798 3586 993 3651 Protheonio
1008 3591 1181 3673 gloriaest,
1196 3596 1253 3678 qui

299 3688 374 3750 talia
389 3687 461 3762 suit,
478 3698 512 3749 ut
527 3686 596 3769 ejus
611 3701 760 3770 nepotem
775 3707 840 3749 non
856 3688 1000 3771 puderet.
1044 3693 1133 3775 Ergo
1147 3697 1256 3760 omnia

300 3788 448 3851 similiter
476 3786 582 3850 aliena
613 3809 761 3852 numeres
790 3789 909 3853 licebit.
969 3792 1152 3859 Generosus
1181 3795 1254 3861 est?

300 3899 452 3972 parentes
479 3888 604 3951 laudas.
650 3888 751 3952 Dives
780 3887 854 3952 est?
888 3911 953 3955 non
984 3894 1080 3958 credo
1110 3896 1254 3962 fortuna.

301 3990 411 4072 Magis
425 3990 488 4052 ista
502 3989 677 4052 dinumero.
736 3990 871 4053 Validus
886 3993 958 4055 est?
983 3997 1169 4077 aegritudine
1185 4000 1256 4062 sati·

301 4092 438 4174 gabitur.
483 4091 604 4154 Pemix
634 4091 705 4154 est?
737 4093 839 4155 abibit
868 4094 902 4156 in
929 4110 1134 4163 senectutem.
1179 4102 1255 4162 For·

302 4215 411 4257 mosus
426 4191 498 4255 est?
523 4203 662 4275 expecta
684 4194 847 4276 paulisper
862 4206 895 4257 et
914 4218 978 4259 non
1000 4200 1067 4261 erit.
1112 4202 1155 4262 At
1170 4201 1255 4264 enim

302 4297 398 4358 bonis
428 4294 550 4357 artibus
580 4293 705 4371 doctus,
735 4307 768 4358 et
797 4296 939 4379 apprime
969 4311 1017 4361 est
1048 4299 1199 4372 eruditus,
1224 4314 1258 4366 et

302 4408 459 4482 quantum
490 4395 566 4458 licet
596 4395 728 4473 bomini,
753 4397 880 4478 sapiens
912 4409 944 4459 et
973 4398 1050 4460 boni
1080 4402 1254 4469 consultus.
