3550 5467
387 720 451 778 ΞΩ
635 729 769 774 roaxxrs
786 725 1078 770 annusaauraxsra
1182 708 1335 789 [aranu

389 883 556 970 Euripidis
579 879 745 966 tragoediae
774 879 806 942 in
838 877 990 942 mulieres
1014 876 1189 942 maledicta
1210 894 1289 950 aunt,
1312 892 1338 942 et

389 985 476 1073 quod
508 983 679 1070 Epicurus,
708 1003 895 1068 quanquam
929 979 1147 1043 Metrodorus
1177 979 1340 1066 discipulus

387 1089 458 1172 ejus
482 1086 634 1152 Leontion
659 1083 807 1147 habuerit
838 1105 984 1160 uxorem,
1013 1104 1091 1146 raro
1120 1080 1200 1146 dicit
1223 1082 1341 1167 sapienti

389 1187 528 1251 ineunda
542 1185 702 1272 conjugia,
716 1184 794 1270 quia
803 1183 906 1247 multa
921 1183 1130 1247 incommoda
1140 1183 1270 1248 admira
1279 1197 1342 1249 eunt

392 1288 523 1374 nuptiis.
570 1287 615 1349 Et
625 1283 788 1371 quomodo
801 1282 924 1347 divitiae
935 1298 968 1348 et
979 1283 1129 1360 honores,
1143 1299 1178 1349 et
1189 1307 1342 1370 corporum

389 1390 551 1467 sanitates,
565 1401 596 1451 et
612 1402 728 1450 caetera
741 1408 816 1471 quae
830 1384 1048 1450 indifferentia
1068 1386 1280 1462 nominamus,
1293 1409 1342 1450 nec

392 1490 486 1565 bona,
502 1513 559 1553 nec
582 1488 666 1554 mala
680 1500 766 1563 sunt,
782 1487 836 1549 red
860 1474 1006 1550 vetut‘in
1030 1485 1218 1552 meditullio
1239 1489 1341 1574 posita,

393 1613 454 1654 usu
471 1605 503 1654 et
519 1604 635 1654 eventu
652 1589 701 1653 rel
722 1589 815 1663 bona,
831 1587 877 1650 rel
900 1587 985 1651 mala
999 1587 1105 1650 liunt:
1129 1586 1179 1650 ita
1193 1603 1224 1652 et
1242 1612 1344 1652 uxores

394 1694 471 1758 sitas
492 1693 523 1756 io
547 1692 701 1757 bonorum
725 1689 921 1753 malorumve
943 1689 1093 1753 ooolioio.
1148 1691 1259 1754 Grave
1279 1713 1347 1776 ergo

393 1818 462 1859 ease
476 1796 546 1859 riro
560 1795 693 1881 sapienti
710 1793 813 1856 venire
834 1792 865 1855 in
882 1791 1034 1873 dubium,
1051 1805 1165 1856 utrum
1181 1793 1296 1858 bonam
1309 1815 1344 1857 aa

393 1897 508 1961 malam
524 1895 682 1961 ducturus
697 1895 747 1959 sit.
794 1894 827 1958 Si
842 1916 920 1976 ergo
935 1905 1026 1956 tanta
1040 1906 1090 1956 est
1106 1893 1255 1960 molestia
1276 1916 1348 1980 nup

394 2000 524 2076 tiaram,
553 2020 627 2084 quae
657 1994 868 2083 proculdubio
890 1996 985 2060 bone
1007 2008 1097 2071 aunt,
1120 2010 1152 2060 et
1178 2022 1198 2062 a
1226 1999 1346 2061 domino

393 2101 562 2172 institutae,
579 2111 614 2161 ut
630 2121 682 2161 eae
697 2097 821 2183 sapiens
844 2095 1041 2173 reformidet,
1055 2097 1132 2182 quis
1147 2097 1208 2161 nisi
1228 2098 1348 2161 dement

392 2223 461 2264 eam
488 2200 644 2284 approbet
668 2199 878 2286 voluptatem,
901 2223 976 2285 quoe
1002 2199 1116 2265 illicita
1141 2214 1203 2275 eat,
1229 2215 1262 2266 et
1285 2214 1347 2265 tota

393 2315 538 2366 vereatur
552 2302 586 2365 iu
602 2301 761 2379 sordibus,
777 2326 875 2388 quam
897 2301 1041 2366 homiues
1055 2304 1204 2389 culpant,
1218 2319 1251 2368 et
1267 2305 1349 2369 Deus

393 2402 607 2491 proculdubio
615 2402 861 2468 condemnabit?
885 2405 1081 2491 Namquum
1096 2406 1347 2492 haedurerolup

394 2519 489 2584 tates,
498 2505 616 2571 scilicet
628 2505 764 2592 gulae,et
779 2506 921 2582 Veneris,
932 2506 1176 2592 quodammodo
1187 2508 1347 2574 brutonrm

395 2608 470 2688 rint,
484 2608 584 2674 altera
598 2608 684 2695 porci
699 2606 948 2684 immunditiam,
963 2606 1065 2672 altera
1083 2624 1117 2674 et
1133 2610 1214 2675 hirei
1230 2611 1349 2675 ridetur

396 2711 513 2777 habere
538 2712 695 2777 t'oetorem.
732 2712 781 2775 Ut
807 2710 889 2775 euim
917 2710 1076 2796 pudicitia
1108 2711 1193 2777 inter
1222 2713 1350 2778 virtuter

397 2817 527 2893 eminet,
549 2816 595 2881 aio
620 2814 796 2901 petulantia
818 2817 849 2878 in
877 2813 963 2877 vitiis
985 2813 1202 2900 abjectissima
1223 2835 1289 2881 est:
1319 2829 1349 2879 et

397 2941 499 3005 quum
518 2916 573 2981 illa
588 2930 761 3004 utrumque
775 2915 885 2980 deceat
902 2938 1027 2991 sexum,
1043 2915 1234 2983 muliebrem
1250 2932 1348 2983 tamen

399 3022 501 3106 magis
526 3033 669 3085 exornat.
717 3015 879 3105 Siquidem
910 3015 1085 3083 doctissimi
1114 3020 1176 3084 viri
1206 3043 1268 3087 vox
1296 3031 1350 3097 ert,

398 3121 585 3209 pudicitiam
615 3120 771 3207 imprimis
805 3144 872 3185 esse
901 3119 1113 3199 retinendam,
1144 3145 1213 3208 qua
1242 3120 1349 3186 amiate

396 3225 500 3290 omnia
515 3226 616 3290 virtus
631 3225 705 3289 ruit
741 3224 781 3287 In
796 3223 856 3288 hac
867 3221 1073 3288 muliebrium
1091 3223 1253 3291 virtutum
1269 3224 1350 3313 prin·

397 3328 525 3414 cipatua
553 3341 610 3393 est
663 3330 744 3392 Haec
773 3348 945 3412 pauperem
976 3325 1193 3404 commendat,
1224 3326 1349 3392 diritem

397 3427 537 3505 extollit,
552 3427 725 3493 deformem
748 3427 886 3505 redimit,
901 3440 1034 3491 exornat
1049 3427 1231 3513 pulchram.
1274 3433 1351 3494 Beue

398 3542 537 3593 meretur
552 3530 592 3593 de
609 3529 790 3615 majoribus,
806 3550 942 3614 quorum
959 3527 1148 3610 sanguinem
1164 3529 1276 3594 sobole
1290 3529 1352 3593 fur·

397 3632 463 3694 tiva
479 3651 540 3692 non
557 3629 667 3693 vitiat:
693 3630 772 3693 bene
787 3629 828 3693 de
843 3629 962 3706 liberis,
979 3629 1098 3715 quibus
1118 3652 1179 3695 nec
1200 3630 1241 3695 de
1256 3646 1351 3695 matre

396 3728 646 3794 erubescendum
659 3744 718 3807 est,
728 3753 785 3794 nec
797 3731 838 3796 de
853 3744 944 3815 patre
955 3730 1172 3797 dubitandum
1185 3748 1232 3798 est
1245 3758 1253 3797 :
1277 3733 1351 3797 bene

397 3831 552 3918 imprimis
578 3830 618 3894 de
644 3855 687 3911 se,
710 3855 808 3917 quam
834 3857 853 3898 a
878 3833 1071 3898 contumelia
1093 3833 1189 3899 alieni
1213 3834 1350 3922 corporis

397 3935 555 4000 vendicat.
607 3935 814 4021 Captivitatia
847 3935 936 4001 nulla
971 3938 1072 4021 major
1101 3937 1269 4002 calamitas
1296 3950 1351 4014 ert,

397 4063 494 4128 quarn
517 4038 556 4103 ad
578 4038 711 4104 alienam
735 4038 897 4104 libidinem
922 4040 1016 4105 trahi.
1056 4040 1149 4104 Viros
1171 4040 1350 4105 consuleret

398 4144 538 4209 illustrat
550 4138 741 4228 eloquentia,
751 4140 782 4204 in
796 4163 908 4205 nomen
921 4156 1075 4206 aeteruum
1087 4143 1242 4209 transfert
1252 4141 1349 4228 glorie

397 4247 554 4323 militarie,
565 4243 808 4328 triumphosque
821 4264 912 4307 uovae
923 4244 1029 4329 gentis
1039 4259 1217 4310 consecrat.
1247 4243 1351 4308 Multa

397 4364 481 4429 runt,
502 4370 577 4434 quoe
599 4368 655 4432 per
675 4368 707 4408 se
727 4345 812 4408 clara
832 4345 961 4430 ingenia
980 4344 1163 4427 nobilitant,
1183 4346 1350 4411 mulierum
