3550 5467
522 723 566 780 ω
773 733 1205 780 mmmnsssnrmn
1321 716 1407 796 [nm
1421 734 1478 781 vu.

522 885 1478 972 qmdieoendiariditategmriteracoeusumridisset

521 990 699 1062 hominm,
724 992 841 1053 libru-
866 991 1012 1071 Epicteti
1038 989 1142 1052 Stoici
1166 987 1210 1050 de
1233 987 1378 1051 mrim
1404 1010 1477 1072 pro·

520 1090 764 1174 tniininqno
800 1090 1478 1172 scriptaerantmquaeoongruebant

520 1189 661 1253 &ueris
685 1192 830 1254 huonis
852 1206 887 1254 er
909 1191 1097 1273 Chrysippi,
1118 1191 1176 1273 qui
1200 1189 1355 1253 dieunm
1379 1190 1477 1254 tuisse

520 1293 685 1375 principes
698 1293 892 1357 Βωὶεοιιιιιι
929 1294 1039 1365 Quum
1053 1314 1132 1372 ergo
1145 1293 1263 1354 librum
1279 1293 1314 1352 in
1329 1293 1477 1354 manibus

520 1397 623 1458 Aulus
635 1397 763 1460 Gellius
777 1399 942 1472 teruisse,
955 1396 1078 1458 invenit
1091 1394 1211 1458 Stoicis
1223 1395 1398 1478 piamine,
1411 1415 1475 1456 non

520 1498 828 1581 esseinpotesnte
854 1498 1263 1580 hominis,utrisa,qua=
1287 1497 1476 1578 phantasias

521 1601 746 1683 appellangin
767 1597 1476 1681 animumrenianmntreoedantetquum

521 1702 668 1764 rmint
690 1723 733 1764 ex
760 1703 958 1765 tenibssibns
982 1703 1089 1778 rebus,
1110 1714 1167 1765 aut
1192 1713 1317 1777 contra,
1341 1722 1475 1763 neeesse

519 1815 667 1866 asserum
679 1805 800 1867 moseri
813 1806 958 1866 animum
970 1805 1068 1866 etiarn
1082 1803 1249 1885 sapientis,
1262 1816 1300 1863 nt
1313 1802 1476 1885 paulisper

520 1915 610 1964 rnetu
629 1903 778 1985 trepidet
797 1904 927 1966 tristitia
947 1904 1163 1979 contraham,
1182 1902 1333 1965 dilatemr
1352 1903 1475 1978 letitia,

519 2003 754 2086 cupiditatibus
785 2022 961 2082 moveatur,
989 2018 1155 2089 tamqnam
1182 2004 1235 2066 his
1267 2003 1475 2086 passionibus

518 2105 788 2186 patreuieutibns
802 2107 935 2168 rationis
947 2119 980 2168 et
994 2107 1112 2168 mentis
1125 2105 1279 2180 officinm,
1290 2122 1353 2164 nee
1368 2114 1474 2166 tamen

517 2202 594 2267 ideo
609 2207 842 2268 conscientian
863 2208 939 2269 mali
961 2208 995 2269 in
1016 2218 1123 2269 mente
1137 2206 1265 2277 versari,
1280 2225 1342 2267 nec
1357 2225 1473 2287 appro-

519 2302 586 2368 turi
600 2307 673 2381 ista,
687 2322 744 2368 ant
756 2308 805 2368 eis
819 2307 959 2390 aliquem
974 2306 1133 2386 indulgeri
1148 2327 1356 2369 eonsensum.
1395 2305 1471 2368 Hoc

518 2407 605 2471 enirn
624 2428 693 2468 me
713 2406 825 2468 rolunt
843 2407 878 2468 in
901 2419 1080 2489 potestate:
1104 2408 1202 2490 idque
1222 2408 1376 2469 interesse
1396 2427 1473 2468 cen·

517 2518 592 2570 sent
612 2507 695 2568 iuter
716 2506 860 2568 animum
882 2506 1051 2588 sapientis,
1071 2520 1106 2569 et
1126 2508 1226 2584 stulti,
1246 2506 1332 2590 quod
1356 2509 1471 2569 stnlms

517 2629 679 2671 consensu
704 2608 820 2670 mentis
849 2607 1055 2690 passionibus
1081 2607 1179 2683 cedit,
1200 2609 1331 2691 sepiens
1353 2623 1472 2687 autern,

517 2710 593 2773 lieet
613 2732 669 2772 eas
689 2710 884 2772 necessitate
915 2709 1064 2791 patiam,
1085 2710 1202 2771 retinet
1227 2724 1335 2772 tamen
1357 2707 1401 2772 de
1422 2731 1471 2773 ra-

517 2811 712 2874 tiouabiliter
725 2810 915 2895 appetendis
931 2811 980 2873 rel
994 2810 1169 2891 fugiendis,
1179 2832 1284 2873 reram
1300 2824 1331 2873 et
1347 2811 1469 2875 firmum

517 2914 709 2977 inconeussa
744 2926 852 2977 mente
887 2913 1088 2976 sententiam
1147 2914 1229 2976 Haec
1259 2913 1393 2997 quidem
1424 2913 1470 2976 illi

516 3029 646 3079 auctore
668 3021 706 3078 A.
731 3017 851 3088 Gellio,
873 3027 908 3078 et
936 3037 993 3098 pro
1023 3028 1113 3097 parte
1143 3016 1307 3097 eleganter
1332 3028 1366 3078 et
1388 3037 1469 3079 rere.

516 3117 634 3181 Errant
649 3120 809 3196 tamen‚si
831 3120 962 3181 istamm
984 3118 1266 3200 passionumque
1284 3119 1471 3181 necessaria

517 3234 602 3297 sunt,
630 3222 861 3302 repressionem
892 3231 924 3282 et
953 3220 1198 3300 castigationem
1228 3219 1308 3281 citrn
1337 3219 1471 3300 gratiam

517 3321 637 3382 viribus
666 3322 734 3384 suis
763 3321 963 3394 adscribunt,
985 3344 1025 3384 eo
1047 3320 1135 3405 quod
1161 3321 1262 3383 solius
1290 3317 1471 3384 miserentis

517 3421 580 3483 Dei
602 3433 661 3496 est,
683 3442 746 3483 non
770 3424 878 3505 utique
902 3423 1058 3485 currentis
1082 3423 1222 3485 hominis
1244 3435 1300 3485 aut
1322 3423 1470 3498 volentis,

515 3531 552 3583 ut
573 3521 623 3583 hae
646 3522 679 3583 in
702 3542 795 3583 usum
815 3523 950 3604 justitiae
974 3535 1211 3588 convertantur.
1267 3526 1341 3588 Hoc
1364 3537 1471 3588 antem

515 3621 653 3684 sufficiat
683 3621 912 3699 demonstrare,
944 3624 1031 3707 quod
1068 3627 1180 3690 timore
1214 3626 1373 3690 modestia
1406 3625 1470 3689 dis·

516 3733 677 3806 pensatur,
699 3734 732 3786 et
755 3724 1005 3807 philosophandi
1036 3727 1139 3809 prima
1170 3728 1320 3791 sternitur
1344 3741 1378 3791 et
1405 3726 1469 3789 dis·

516 3823 641 3906 ponitur
667 3824 726 3888 via.
780 3825 947 3909 Siquidem
973 3828 1128 3909 scriptum
1154 3839 1214 3905 est,
1237 3830 1312 3913 quia
1341 3828 1468 3890 initium

515 3923 690 4008 sapientiai,
704 3938 737 3990 et
751 3927 825 3990 finis
841 3927 1019 4001 modestiae,
1038 3930 1133 3993 timor
1149 3931 1222 3994 Dei.
