3550 5467
559 717 619 775 ita
811 727 947 771 Joassrs
962 726 1237 771 saitesusmessrs
1344 711 1429 786 [mu.
1446 726 1497 770 ru.

558 880 674 943 hahent
700 901 804 962 usum,
827 894 858 941 et
881 877 1125 964 philosophandi
1155 879 1321 943 materiam
1352 879 1499 965 praebeot.

558 986 680 1045 Norant
696 983 792 1053 enim,
808 1001 870 1042 non
893 979 1007 1043 docent
1024 979 1110 1057 vitia,
1124 994 1156 1043 et
1172 994 1229 1042 aut
1247 980 1399 1044 utilitatis
1415 1003 1502 1043 causa

555 1096 647 1166 grata
659 1094 745 1155 sunt,
758 1093 814 1142 aut
831 1080 1014 1165 voluptatis.
1048 1080 1100 1142 Sic
1115 1096 1220 1142 autem
1235 1103 1293 1165 per
1309 1104 1434 1144 morum
1445 1080 1502 1144 dis·

555 1183 687 1245 crimina
699 1197 874 1256 transeunt,
889 1196 925 1244 ut
939 1182 1049 1245 virtuti
1062 1182 1176 1246 iaciant
1194 1183 1310 1246 locum.
1351 1185 1433 1247 Nam
1449 1204 1500 1270 per

556 1284 629 1355 tela,
641 1307 698 1369 per
708 1287 806 1366 ignes,
814 1307 870 1367 per
880 1282 975 1346 maris
985 1284 1086 1348 varias
1095 1284 1260 1370 proeellas,
1269 1307 1327 1371 per
1335 1299 1383 1350 tot
1395 1299 1503 1364 motus,

556 1386 734 1463 seditiones,
748 1400 780 1449 et
796 1383 926 1448 insidias
941 1385 1144 1471 populorum,
1161 1385 1299 1470 Scyllam
1324 1387 1500 1472 pertransiit

556 1501 587 1551 et
605 1487 815 1571 Charybdim,
828 1500 863 1550 ut
880 1486 918 1549 ad
933 1487 1066 1572 patriam
1079 1509 1168 1550 suam
1185 1490 1294 1550 saltem
1306 1488 1339 1552 in
1349 1501 1502 1552 senectute

560 1589 691 1675 lsslysses
705 1590 880 1674 repedaret.
926 1588 1033 1651 Socios
1048 1588 1145 1652 variis
1155 1588 1242 1652 exilii
1255 1589 1361 1652 amisit
1372 1589 1501 1663 casibus,

557 1691 612 1754 scd
629 1714 682 1754 eos
697 1704 753 1754 aut
768 1692 905 1755 fortunae
920 1689 1081 1766 violentia,
1103 1703 1160 1753 aut
1183 1703 1309 1754 naturae
1330 1689 1501 1765 iufirmitas,

557 1803 612 1852 aut
626 1789 721 1852 animi
735 1790 882 1875 voluptas
894 1788 1059 1854 absumsit.
1094 1789 1220 1851 Horum
1235 1802 1342 1851 tamen
1354 1789 1501 1861 omniurn,

550 1892 697 1974 jucunda
716 1891 826 1953 relatio
845 1903 903 1954 est.
948 1893 1031 1954 Nam
1057 1888 1104 1952 vel
1120 1890 1213 1953 amici
1233 1890 1391 1974 praevisus
1408 1912 1501 1964 casus,

554 1993 613 2056 etsi
622 2015 748 2056 amarus
758 1992 942 2078 sit‚pr0ficit
952 1991 1167 2056 adcautelam.
1191 1995 1235 2057 Et
1245 2013 1311 2076 quo
1321 1991 1502 2057 familiosior

553 2093 616 2156 fuit
638 2114 712 2155 cum
736 2093 862 2159 labente
884 2093 1027 2170 societas,
1048 2117 1086 2157 eo
1106 2115 1198 2156 casus
1219 2115 1385 2179 quemque
1406 2093 1503 2177 magis

552 2195 716 2257 absterret.
763 2194 929 2280 Siquidem
946 2196 1099 2279 exemplis
1114 2216 1198 2278 saepe
1213 2195 1315 2279 magis
1329 2193 1502 2279 proficitur,

554 2316 651 2378 quam
674 2295 852 2380 praeceptis.
899 2292 990 2357 Mala
1012 2294 1096 2357 enim
1119 2294 1261 2357 vitantur
1282 2293 1421 2372 facilius,
1442 2317 1503 2377 quo

552 2394 677 2459 fidelius
702 2395 898 2481 praecognita
927 2397 1057 2460 luerint.
1104 2395 1180 2472 Vix,
1209 2409 1242 2459 et
1268 2396 1503 2482 quodammodo

553 2496 650 2576 solus,
658 2500 758 2561 evasit
775 2497 913 2582 Ulysses,
923 2497 978 2561 sed
988 2497 1028 2561 ad
1041 2495 1503 2582 philosophiaejucunditatem,

552 2610 585 2660 et
616 2597 707 2682 quasi
743 2596 888 2682 proprias
923 2596 1116 2681 voluptates,
1152 2597 1317 2681 pauciores
1352 2599 1503 2663 evadunt.

553 2700 713 2763 Consonat
746 2699 786 2775 ei,
817 2698 842 2762 si
874 2698 1028 2783 Lyricum
1058 2698 1235 2762 conticente
1264 2698 1336 2785 lyra
1363 2698 1503 2787 dignaris

550 2800 671 2882 audire,
701 2800 847 2876 Flaccus,
876 2811 932 2862 aut
962 2798 986 2863 si
1018 2799 1118 2862 mavis
1149 2797 1316 2877 Horatius,
1347 2805 1408 2886 qui
1430 2802 1500 2886 plus

550 2901 724 2968 honestatis
738 2914 770 2965 et
795 2899 941 2965 utilitatis
963 2923 995 2963 se
1010 2900 1097 2986 apud
1125 2898 1320 2964 Maeonidem
1342 2901 1499 2968 invenisse

549 3005 742 3089 gratulatur,
770 3026 866 3090 quam
895 3003 1037 3089 plurium
1065 3003 1239 3068 Stoicorum
1266 3004 1308 3067 sit
1331 3006 1497 3092 praeceptis

550 3130 745 3192 expressum.
792 3106 844 3170 Ait
859 3105 961 3169 enim:

618 3224 726 3294 'l'rojani
738 3222 798 3274 belli
811 3222 971 3293 scriptorem,
986 3221 1105 3275 Maxime
1118 3221 1196 3285 Lolli,

618 3308 688 3359 Dum
701 3314 728 3358 tu
741 3307 872 3358 declamas
885 3309 984 3370 Romae,
998 3306 1132 3360 Praeneste
1144 3306 1242 3374 relegi:

618 3392 671 3454 Qui
683 3392 743 3460 quid
756 3393 790 3442 sit
803 3391 944 3460 prdehrum,
956 3393 1018 3461 quid
1030 3399 1112 3464 harpe,
1123 3394 1184 3461 quid
1195 3392 1270 3457 utile,
1283 3394 1346 3463 quid
1359 3414 1421 3462 uon,

619 3476 753 3527 Pulchrius
765 3483 791 3527 et
804 3476 896 3530 melius
909 3478 1056 3549 Chrysippo
1067 3485 1095 3531 et
1107 3480 1234 3532 Crantore
1245 3479 1319 3532 dicit.

616 3560 686 3628 {Cur
697 3561 734 3611 ita
746 3562 908 3626 crediderim,
920 3566 971 3616 nisi
983 3565 1045 3633 qnid
1056 3571 1083 3618 ta
1095 3567 1203 3629 detinet,
1215 3565 1299 3635 audi}

617 3644 726 3709 Fabula,
737 3665 789 3714 qua
804 3647 907 3701 Paridis
918 3657 1022 3721 propter
1033 3659 1150 3704 narratur
1161 3669 1276 3704 amorem

616 3731 718 3784 Graecia
730 3732 855 3786 barbariae
867 3733 938 3787 leuto
949 3735 1040 3789 oollisa
1050 3737 1146 3801 duello,

614 3817 755 3871 Stultorum
768 3837 860 3887 regum
872 3827 900 3871 et
910 3821 1061 3892 populorum
1073 3824 1187 3876 continet
1199 3830 1287 3877 aestus.

613 3905 730 3956 Antenor
742 3904 804 3957 belli
816 3916 905 3957 censet
917 3907 1056 3977 praecidere
1068 3926 1167 3960 causas.

612 3991 680 4052 Quid
696 3991 788 4042 Paris?
808 4002 838 4043 ut
852 3991 939 4044 salvus
950 4004 1051 4060 regnet,
1065 3995 1186 4062 vivatque
1198 3993 1300 4056 beatus,

613 4077 679 4142 Cupi
695 4096 768 4148 posse
780 4086 869 4146 negat.

610 4163 754 4225 Seditiouc,
767 4163 842 4225 dolis,
854 4162 960 4226 scelere,
973 4173 1052 4232 atque
1065 4164 1181 4228 libidine,
1194 4173 1221 4216 et
1234 4166 1281 4229 ira,

614 4249 706 4299 lliucus
718 4250 785 4299 intra
799 4266 884 4300 muros
896 4258 1017 4318 peccatur
1029 4256 1056 4301 et
1068 4257 1152 4303 extro.

611 4332 740 4402 Quicquid
753 4331 863 4384 ‹lclirnnt
876 4350 961 4400 reges,
974 4333 1120 4404 plectuntur
1132 4334 1234 4386 Achivi.
