3550 5467
411 730 469 787 lsst
657 739 792 783 massis
809 736 1089 782 sannsnmuassm
1121 768 1126 777 ,
1208 720 1289 799 [mn.
1305 739 1356 782 ru.

408 893 461 956 sed
492 907 523 954 et
549 893 716 955 verberum
739 889 942 953 acrimoniam
969 888 1102 951 sufferat
1128 890 1296 975 patienter,
1327 902 1358 951 ut

406 1012 510 1054 coram
528 987 679 1052 tondente
701 1012 733 1050 se
748 986 969 1058 obmutescat;
993 985 1068 1071 quis
1092 1009 1156 1049 non
1180 1008 1255 1049 eum
1276 987 1359 1071 quasi

408 1092 538 1155 virtutis
552 1091 701 1176 egregiae,
715 1103 747 1153 et
763 1087 934 1172 singularis
956 1088 1062 1153 meriti
1087 1087 1252 1151 hominem
1267 1087 1360 1151 admi-

407 1209 506 1268 retur,
522 1206 553 1256 et
569 1214 641 1256 cum
658 1190 834 1254 reverentia
855 1201 1068 1274 praeconetur,
1084 1204 1241 1274 tanquam
1258 1213 1360 1252 revera

407 1292 623 1378 Apostolicum
635 1292 751 1369 cirum,
762 1308 794 1355 et
810 1311 995 1376 expressum
1010 1292 1135 1358 Christi
1150 1292 1359 1355 imitatorem?

410 1397 491 1460 Haec
500 1411 606 1459 autem
620 1396 714 1458 etiam
725 1392 845 1479 ignavi,
860 1415 899 1455 ex
913 1392 1099 1457 necessitate
1110 1408 1231 1466 tamen,
1243 1392 1359 1456 faciunt

408 1496 587 1569 eoeuobitae,
634 1496 719 1559 Nam
735 1493 766 1557 in
782 1517 820 1557 eo
834 1516 853 1556 a
868 1492 1017 1557 studiosis
1032 1492 1201 1571 differunt,
1217 1493 1304 1579 quod
1321 1493 1359 1556 illi

408 1623 448 1663 ex
464 1599 632 1663 dilectione
655 1610 802 1661 exercent
816 1619 864 1676 ea,
882 1597 923 1659 ad
948 1619 1021 1684 quae
1036 1595 1089 1661 isti
1113 1597 1247 1660 stimulo
1262 1619 1358 1660 neces

408 1701 510 1765 sitatis
519 1711 684 1781 urgentur,
694 1709 726 1759 et
741 1719 824 1782 saepc
840 1697 943 1760 inviti.
991 1698 1075 1761 Sunt
1088 1696 1240 1763 tamenin
1253 1695 1360 1761 habitu

408 1801 581 1876 communi,
600 1823 681 1886 quos
700 1797 855 1862 seculares
875 1820 937 1861 non
953 1798 1057 1862 audeo
1073 1797 1249 1874 nominare,
1266 1820 1360 1884 quum

407 1903 484 1967 nihil
501 1903 640 1966 seculare
656 1906 696 1966 sit
704 1900 873 1965 dicendum
889 1902 922 1965 in
939 1899 1068 1980 talibus,
1084 1899 1143 1964 nisi
1159 1901 1248 1986 quod
1261 1901 1361 1964 aeeulo

409 2026 545 2087 nequam
563 2002 679 2066 amoris
690 2001 891 2066 loederantur
906 2002 1032 2067 affectu.
1082 2003 1173 2067 Sicut
1186 2004 1271 2068 enim
1288 2026 1361 2086 ρη-

407 2103 534 2188 putium
551 2104 629 2168 nihil
651 2117 709 2177 est,
732 2121 764 2168 et
777 2102 975 2168 circumcisio
990 2104 1082 2184 nihil,
1102 2106 1158 2169 sed
1185 2106 1362 2169 observatio

410 2203 631 2266 mandatorum
657 2204 739 2266 Dei:
764 2207 819 2283 sic,
843 2220 878 2270 ut
906 2203 1126 2291 religiosorum
1151 2231 1231 2292 pace
1253 2206 1363 2281 dicam,

409 2304 614 2367 monachatus
624 2303 700 2365 nilril
711 2319 770 2377 est,
780 2318 811 2367 et
822 2306 1025 2370 canonicatus
1038 2307 1129 2382 nihil,
1141 2306 1365 2374 mandatorum

412 2403 633 2468 observatione
648 2403 796 2467 deducta.
823 2408 904 2469 Haec
921 2406 1017 2491 igitur
1039 2407 1167 2471 taudem
1180 2423 1328 2495 prosunt,
1342 2409 1365 2471 si

410 2506 594 2593 quislegem
605 2506 761 2570 observet.
786 2508 904 2572 Sivero
911 2510 978 2572 siue
989 2508 1038 2573 liis
1048 2511 1211 2596 quispiam
1223 2512 1365 2576 observat

412 2612 524 2694 legem,
539 2633 610 2673 eum
633 2632 834 2696 nequaquam
856 2611 991 2675 dixerim
1015 2613 1200 2677 secularem.
1249 2615 1366 2679 Verun-

410 2733 512 2777 tamen
523 2735 672 2798 geramus
682 2734 798 2775 morem
808 2712 972 2797 religiosis,
986 2715 1048 2778 sint
1060 2713 1219 2778 seculares
1227 2716 1363 2790 interim,

409 2839 491 2902 quos
503 2815 599 2878 vestis
613 2813 701 2900 pulla
711 2815 751 2878 ab
763 2815 832 2879 aliis
844 2838 905 2878 non
917 2815 1078 2880 discernit.
1103 2819 1134 2880 N
1138 2816 1294 2880 ullaenim
1300 2819 1365 2903 jac-

409 2933 483 2983 tura
498 2917 644 2991 nominis,
660 2917 717 2980 nisi
740 2917 900 2980 saecularis
916 2919 955 2981 sit
978 2934 1010 2982 et
1026 2919 1101 2982 vita.
1150 2919 1364 3005 lndignantur

409 3019 647 3106 aliquiquodde
660 3018 812 3102 religiosis
822 3043 882 3104 ego
894 3019 1007 3083 habitu
1020 3020 1184 3098 secularis,
1195 3034 1229 3084 et
1238 3043 1363 3084 conver-

412 3122 531 3185 satione
554 3134 699 3206 peecator
722 3122 782 3184 ista
804 3122 992 3205 pronuncio,
1015 3135 1047 3185 et
1076 3121 1154 3185 dum
1177 3121 1364 3187 commendo

411 3223 596 3298 coenobitas,
612 3245 662 3284 me
676 3222 747 3285 aliis
762 3220 928 3285 detrahere
944 3223 1163 3288 criminantur.
1203 3224 1364 3289 Adversus

410 3333 468 3389 hos
484 3346 544 3386 non
563 3327 732 3399 Caesarem,
749 3323 803 3386 sed
823 3323 1030 3389 Benedictum
1055 3325 1193 3410 appello,
1211 3327 1270 3412 qui
1286 3326 1363 3390 sicut

411 3429 601 3510 Gyrovagos
611 3439 643 3488 et
654 3426 835 3490 Sarabaitas
844 3425 962 3509 arguit,
974 3425 1017 3489 sic
1029 3426 1196 3492 manifeste
1208 3451 1364 3492 commen·

408 3527 463 3590 dat
474 3526 671 3591 Coenobitas.
684 3532 804 3591 Auctor
814 3528 891 3592 mihi
905 3529 1123 3612 Hieronymus
1132 3546 1194 3610 est,
1204 3530 1279 3597 licet
1291 3553 1360 3595 eum

410 3623 552 3688 nonnulli
568 3625 792 3688 monachorum
805 3628 910 3691 miuus
921 3629 1055 3713 benigne
1066 3629 1211 3706 audiant,
1223 3655 1262 3695 eo
1277 3631 1360 3717 quod

409 3725 537 3789 clericos
548 3724 587 3787 ad
598 3725 720 3810 aliquid
735 3725 821 3791 visus
833 3746 880 3793 est
893 3731 1080 3815 praetulisse.
1108 3735 1236 3796 Auctor
1245 3749 1305 3808 est,
1321 3735 1362 3797 in-

409 3849 517 3912 quam,
532 3825 619 3912 quod
638 3828 732 3890 vestis
748 3850 946 3916 nequaquam
970 3833 1131 3917 religionis
1152 3833 1362 3900 differentiam

411 3926 516 4001 faeiat,
529 3925 584 3990 sed
598 3930 628 3989 in
641 3927 726 3990 omni
736 3928 849 3994 habitu
859 3935 917 4016 qui
931 3932 1020 3997 timet
1036 3935 1153 4005 Deum,
1166 3948 1199 3997 et
1214 3950 1365 4021 operatur

405 4027 576 4115 justitiam,
601 4045 750 4118 aceeptus
762 4047 808 4094 est
832 4031 888 4094 illi.
914 4034 1003 4097 ldem
1021 4059 1150 4121 quoque
1173 4036 1238 4101 ait:
1259 4042 1365 4102 Vestes

410 4132 512 4217 pullas
527 4157 619 4219 aque
637 4137 701 4198 vita
719 4145 754 4196 ut
768 4133 930 4200 candidas.
955 4140 1098 4201 Ornatus
1116 4150 1151 4200 ut
1170 4140 1282 4203 sordes
1298 4140 1362 4225 pari

410 4235 505 4298 ruodo
518 4236 681 4319 fugienda,
693 4241 767 4319 quia
780 4235 915 4300 alterum
929 4238 1069 4318 delicias,
1080 4239 1218 4303 alterum
1232 4242 1362 4325 gloriam

409 4337 539 4401 redolet.
580 4343 661 4402 Nam
678 4339 799 4423 absque
818 4337 898 4402 lineo
919 4341 1037 4404 amictu
1055 4342 1212 4421 incedere,
1229 4344 1282 4407 sed
1301 4367 1366 4430 pre-

406 4437 491 4502 cium
507 4438 660 4503 linearum
678 4442 812 4503 vestium
830 4462 892 4504 non
909 4441 1035 4519 habere,
1055 4444 1216 4508 laudabile
1231 4460 1290 4512 est.
1322 4448 1363 4509 llt
