3550 5467
531 657 573 714 96
789 668 925 715 Joisrus
940 666 1205 713 ssarsnsrunssrs
1340 649 1426 730 [ms.
1443 668 1488 714 vr.

531 822 628 896 Quod
643 822 783 885 maxime
806 822 957 885 nobiliter
976 821 1096 885 accidit
1112 820 1148 884 C.
1166 821 1320 884 Nummio
1342 822 1486 902 tribuno,

530 926 582 989 cui
605 923 726 987 dixisse
747 924 880 988 traditur
901 924 1032 1008 Scipio:
1070 922 1155 986 Mihi
1174 924 1350 1006 paulisper,
1365 924 1437 1002 tibi,
1452 935 1485 989 et

529 1026 716 1109 reipublicae
738 1047 863 1108 semper
882 1046 1021 1109 nequam
1044 1025 1114 1087 eris.
1159 1025 1199 1095 Q.
1216 1024 1371 1087 Metellus
1394 1026 1482 1088 bello

526 1127 719 1208 Jugurthino
749 1128 894 1190 similiter
930 1128 1052 1208 lapsam
1090 1124 1225 1187 militum
1262 1124 1482 1208 disciplinam,

528 1227 597 1310 pari
612 1227 777 1289 severitate
794 1226 942 1303 restituit,
958 1247 1055 1309 quum
1071 1226 1201 1308 insuper
1216 1225 1403 1308 prohiberet
1417 1226 1481 1289 alia

528 1350 624 1393 carne
635 1350 731 1411 quam
744 1349 816 1392 assa
828 1329 952 1390 elixave
965 1327 1081 1389 milites
1094 1327 1150 1388 uti.
1188 1326 1369 1409 Philippus,
1381 1348 1479 1410 quum

526 1430 664 1514 primum
694 1430 870 1492 exercitum
901 1429 1121 1505 constitueret,
1143 1428 1361 1490 vehiculorum
1387 1449 1477 1491 usum

528 1529 676 1594 omnibus
709 1528 886 1604 interdixit,
915 1528 1077 1612 equitibus
1110 1549 1174 1591 nou
1212 1528 1350 1610 amplius
1383 1549 1478 1611 quam

525 1633 668 1712 singulos
696 1633 827 1694 lacones
857 1631 975 1694 babere
1005 1630 1158 1713 permisit,
1180 1629 1346 1711 peditibus
1372 1642 1477 1692 autem

525 1732 627 1808 denis,
641 1733 786 1811 singulos
801 1731 856 1814 qui
873 1731 973 1792 molas
988 1743 1020 1790 et
1034 1729 1126 1792 funes
1141 1730 1267 1792 ferrent.
1311 1727 1351 1791 In
1368 1731 1478 1793 aestiva

525 1832 732 1905 exeuntibus,
747 1831 878 1911 triginta
893 1828 1015 1890 dienrm
1032 1828 1165 1892 farinam
1182 1831 1266 1892 collo
1280 1831 1402 1914 portari
1417 1830 1476 1893 im·

523 1933 657 2016 peravit.
704 1931 742 1993 C.
759 1929 882 1992 Marius
905 1929 1150 1991 recidendorum
1173 1929 1475 2012 impedimentorum

524 2034 634 2114 gmtia,
645 2033 761 2114 quibus
777 2030 914 2092 maxime
927 2030 1087 2092 exercitus
1099 2052 1214 2109 agmen
1231 2044 1390 2110 oneratur,
1401 2051 1477 2095 rasa

523 2146 556 2197 et
570 2133 691 2195 cibaria
703 2131 812 2194 militis
824 2131 857 2192 in
869 2130 1038 2192 fasciculos
1050 2142 1168 2212 aptata,
1182 2132 1278 2194 furcis
1291 2135 1475 2216 praeposuit,
1527 2164 1530 2168 >

521 2236 581 2299 sub
606 2234 722 2316 quibus
744 2245 776 2296 et
805 2233 912 2295 babile
935 2253 1029 2304 onus,
1053 2245 1085 2294 et
1106 2233 1209 2295 facilis
1231 2235 1358 2316 requies
1380 2244 1473 2298 esset.

524 2336 620 2400 Unde
644 2335 845 2419 proverbium
868 2348 976 2397 uatum
1001 2344 1058 2411 cst,
1081 2335 1163 2397 Muli
1187 2335 1302 2398 milites
1324 2337 1472 2399 Mariani.

522 2439 689 2522 Lysander
719 2436 985 2500 Lacedaemonius
1023 2457 1184 2516 egressum
1224 2436 1274 2498 ria
1311 2437 1473 2520 quendam

522 2541 710 2623 castigabat.
756 2540 817 2603 Cui
834 2538 955 2601 dicenti
971 2536 1012 2600 ad
1028 2538 1147 2599 nullius
1162 2538 1206 2599 rei
1222 2538 1367 2621 rapinam
1383 2560 1417 2602 se
1431 2540 1472 2602 ab

520 2645 646 2727 agmine
676 2642 858 2719 recessisse,
880 2639 1062 2723 respondit:
1099 2640 1150 2701 Ne
1172 2639 1312 2722 speciem
1339 2639 1471 2723 quidem

519 2745 639 2828 rapturi
661 2744 816 2827 praebeas,
835 2740 920 2803 volo.
964 2740 1099 2801 Publius
1123 2739 1243 2802 Nasica
1265 2740 1299 2803 in
1318 2740 1472 2822 hybernis

519 2846 664 2931 quamvis
678 2845 789 2907 classis
805 2863 881 2904 usus
898 2862 962 2903 non
979 2855 1061 2904 esset
1075 2843 1283 2920 necessarius,
1299 2864 1341 2906 ne
1365 2853 1468 2907 tamen

518 2945 610 3008 miles
633 2943 756 3006 desidia
778 2957 1040 3025 corrumperetur,
1064 2952 1120 3004 aut
1141 2965 1198 3026 per
1223 2945 1389 3007 licentiam
1415 2945 1472 3007 otii

518 3047 615 3111 sociis
643 3045 772 3108 inserret
808 3043 969 3128 injuriam,
999 3065 1095 3106 nares
1125 3042 1285 3107 aedificare
1322 3045 1471 3109 instituit.

517 3148 608 3211 Idem
639 3166 767 3228 quoque
790 3144 961 3206 Frontinus
983 3144 1064 3206 inter
1086 3146 1185 3208 multa
1208 3146 1396 3209 constantiae
1424 3147 1472 3210 in·

517 3249 619 3331 signia
648 3247 752 3317 refert,
784 3243 870 3327 quod
901 3244 1051 3307 Cassilini
1088 3246 1254 3309 obsidente
1287 3249 1472 3312 Hannibale

517 3359 638 3412 tantam
668 3343 812 3425 inopiam
841 3344 986 3426 perpessi
1016 3356 1101 3422 sunt,
1130 3358 1165 3409 ut
1194 3368 1314 3411 murem
1347 3349 1472 3413 venisse

519 3457 650 3513 centum
666 3444 806 3507 denariis
822 3446 982 3508 memorien
998 3447 1156 3529 proditum
1173 3449 1224 3522 sit,
1239 3448 1378 3534 ejusque
1392 3473 1469 3514 ren·

518 3551 651 3615 ditorem
666 3546 747 3609 same
768 3547 912 3630 periisse,
927 3561 1101 3633 emptorem
1123 3559 1228 3614 autem
1245 3552 1376 3629 vixisse,
1391 3565 1424 3618 et
1437 3555 1471 3618 in

517 3665 605 3717 tanta
630 3650 777 3731 angustia
795 3649 892 3713 fidem
920 3673 1061 3714 servasse
1085 3654 1250 3717 Romanis.
1296 3655 1468 3721 Pertlinis

517 3753 627 3818 Poenis
651 3752 783 3826 obsessi,
805 3765 956 3835 parentes
978 3765 1011 3817 et
1031 3754 1151 3818 liberos
1173 3765 1302 3840 propter
1325 3757 1468 3842 inopiam

516 3856 686 3941 ejecerunt,
716 3854 778 3937 ipsi
808 3855 902 3917 coriis
931 3855 1129 3934 madefactis,
1159 3869 1192 3920 et
1227 3858 1300 3939 igne
1329 3859 1471 3938 siccatis,

516 3959 664 4041 foliisque
683 3958 843 4032 arborum,
863 3968 896 4019 et
915 3957 1002 4018 omni
1026 3978 1143 4037 genere
1163 3958 1350 4021 animalium
1374 3961 1470 4025 vitam

515 4061 687 4132 trahentes,
704 4057 854 4120 undecim
874 4079 1001 4120 menses
1022 4057 1222 4122 obsidionem
1246 4062 1471 4129 toleraverunt.

516 4163 657 4248 Hispani
674 4161 852 4224 Fabrenses
874 4161 982 4222 omnia
1005 4160 1115 4224 eadem
1139 4162 1283 4246 perpessi
1304 4176 1391 4241 sunt,
1407 4186 1470 4230 nec

515 4261 785 4348 tamcnoppidum
795 4260 1180 4327 Herculeiotradideruut.
1204 4264 1360 4346 Cyzicum
1369 4287 1473 4350 quum
