3550 5467
551 752 593 810 68
823 762 960 808 Joauuls
976 762 1254 808 suessoniensis
1359 745 1443 826 [arn.
1458 766 1504 810 vr.

553 936 647 999 quam
678 915 835 996 integrum
864 917 1115 979 emolumentum
1150 929 1183 978 et
1216 937 1334 979 nomen
1368 917 1505 981 heredis.

551 1015 664 1081 Mitior
677 1018 763 1080 enim
779 1017 865 1081 circa
879 1039 934 1081 eas
948 1017 1045 1080 debet
1068 1038 1137 1080 esse
1160 1019 1332 1096 sententia,
1347 1038 1429 1101 quas
1448 1042 1506 1103 pro

552 1120 734 1184 infirmitate
763 1142 874 1199 sexus,
902 1121 1009 1184 minus
1037 1141 1170 1184 ausuras
1198 1141 1269 1183 esse
1303 1120 1505 1185 confidimus.

554 1224 683 1286 Uxores
704 1243 782 1285 sane
805 1221 1030 1305 praedictorum
1053 1232 1240 1304 recuperata
1261 1221 1348 1300 dote,
1363 1222 1390 1285 si
1413 1225 1446 1285 in
1469 1244 1507 1286 ea

552 1322 739 1387 conditione
761 1323 891 1398 tuerint,
912 1334 948 1385 nt
974 1345 1045 1406 quae
1068 1344 1088 1385 a
1110 1322 1183 1384 viris
1209 1323 1301 1386 titulo
1324 1323 1508 1388 donationis

553 1434 760 1506 acceperunt,
788 1422 864 1484 filiis
900 1421 1039 1486 debeant
1073 1443 1243 1499 reservare,
1272 1432 1415 1505 tempore
1443 1446 1508 1507 quo

554 1524 753 1590 ususfructus
787 1525 974 1599 absumitur,
1004 1524 1113 1587 omnia
1147 1544 1186 1587 ea
1220 1523 1300 1587 fisco
1334 1537 1445 1588 nostro
1474 1546 1508 1588 se

554 1625 719 1689 relicturas
747 1646 818 1688 esse
848 1635 1058 1706 cognoscant,
1084 1645 1156 1707 qute
1179 1624 1275 1706 juxta
1302 1624 1406 1705 legem
1433 1624 1509 1687 filiis

555 1726 741 1791 debeantur.
786 1724 931 1788 Falcidia
952 1726 1049 1788 etiam
1065 1746 1107 1787 ex
1122 1724 1173 1786 his
1187 1726 1282 1787 rebus
1298 1722 1426 1787 filiabus
1441 1734 1509 1788 tan·

555 1839 635 1904 tum,
657 1849 723 1891 non
746 1828 842 1890 etiam
865 1827 940 1889 filiis
962 1825 1140 1909 deputetur.
1186 1825 1226 1888 Id
1249 1826 1338 1909 quod
1362 1828 1403 1890 de
1428 1847 1510 1910 prae·

556 1928 661 2006 dietis,
676 1949 848 2011 eorumque
868 1928 945 1990 filiis
964 1929 1118 2003 cavimus,
1139 1928 1235 1990 etiam
1257 1927 1298 1991 de
1320 1930 1511 1993 satellitibus

556 2027 695 2093 consciis
709 2048 748 2090 ac
763 2027 925 2101 ministris,
940 2026 1079 2109 filiisque
1100 2046 1211 2089 eorum
1233 2028 1329 2090 simili
1344 2030 1510 2094 severitate

556 2148 735 2193 censemus.
780 2126 864 2189 Sane
888 2127 916 2188 si
945 2126 1017 2209 quis
1047 2148 1089 2189 ex
1115 2127 1166 2189 his
1194 2128 1226 2189 in
1256 2129 1392 2193 exordio
1425 2132 1510 2196 inite

555 2229 712 2304 factionis,
726 2225 833 2290 studio
849 2249 931 2290 verae
946 2227 1052 2291 laudis
1067 2249 1235 2305 accensus,
1250 2229 1319 2311 ipse
1335 2230 1513 2312 prodiderit

557 2331 740 2405 factionem,
759 2341 792 2392 et
812 2329 945 2412 praemio
967 2351 988 2392 a
1008 2331 1102 2393 nobis
1127 2339 1162 2392 et
1186 2330 1307 2392 honore
1330 2330 1512 2399 donabitur.

558 2434 592 2495 Is
615 2451 690 2494 vero
711 2431 768 2515 qui
789 2452 866 2494 usus
888 2431 982 2494 fuerit
1003 2432 1155 2511 factione,
1169 2433 1197 2495 si
1217 2443 1324 2496 tamen
1347 2435 1513 2519 incognita

558 2534 601 2599 ad
622 2534 692 2598 lraec
715 2534 922 2597 consiliorum
950 2555 1066 2598 arcana
1090 2535 1285 2618 patefecerit,
1309 2538 1512 2603 absolutionc

559 2646 666 2701 tamen
682 2649 714 2699 et
729 2636 821 2698 reaia
835 2634 951 2717 dignus
966 2636 1143 2700 habebitur.

561 2898 642 2982 Cap.
659 2902 711 2961 26.
737 2896 832 2967 Quod
851 2900 932 2960 vitia
947 2898 1092 2977 serendo
1116 2906 1204 2974 aurit,
1225 2906 1285 2961 aut
1308 2899 1460 2978 tollendo,
1481 2910 1513 2964 et

603 3001 779 3083 aflaqitiie
792 3001 937 3063 destant:
963 3008 995 3062 et
1007 3003 1177 3081 pectoralia
1188 3002 1335 3086 quodum
1347 3011 1513 3083 precepto

603 3103 644 3165 de
662 3102 766 3187 officio
779 3104 962 3185 principia·
988 3111 1020 3165 et
1043 3102 1146 3165 brevia
1168 3104 1312 3184 epilopue
1326 3113 1453 3187 quanto
1471 3110 1513 3167 ct't

603 3206 783 3267 reverentia
799 3206 831 3266 ei
843 3203 1039 3266 exhibendo.

605 3340 692 3401 Hac
708 3336 838 3419 quidem
854 3335 1014 3418 paneade
1030 3337 1139 3398 multis
1154 3347 1318 3420 excerpta,
1333 3337 1374 3401 de
1389 3340 1512 3405 sincera

561 3460 641 3502 vena
653 3438 748 3520 juris,
764 3435 912 3518 praesenti
931 3436 1089 3517 opusculo
1110 3438 1217 3499 curavi
1237 3438 1387 3518 inserere,
1403 3463 1468 3525 quo
1482 3453 1514 3506 et

557 3539 640 3624 juris
668 3538 781 3619 ignari,
809 3558 828 3599 a
858 3536 1031 3619 majestatis
1061 3536 1194 3601 crimine
1233 3537 1357 3621 seipsos
1386 3542 1513 3624 longius

561 3650 742 3706 amoverent
767 3636 820 3699 his
842 3635 1007 3718 inspectis,
1032 3646 1065 3698 et
1094 3657 1135 3699 ne
1162 3636 1331 3721 qnisquam
1356 3641 1514 3724 meipsum

563 3739 773 3805 calumnietur
787 3739 819 3800 in
836 3738 945 3821 aliquo
957 3737 1110 3801 adversus
1126 3739 1346 3803 auctoritatem
1363 3743 1516 3827 principis

564 3842 725 3928 quippiam
737 3839 989 3923 praesumpsisse.
1035 3839 1514 3924 Dicisolet,quiasinelaesione

563 3943 728 4025 ungulum,
743 3963 807 4003 non
830 3941 925 4004 facile
948 3952 1127 4005 removetur
1148 3942 1244 4005 robur
1265 3963 1286 4004 a
1299 3944 1433 4008 subere:
1457 3943 1515 4008 sed

563 4044 663 4109 multo
686 4042 809 4124 sequius
830 4054 863 4104 et
885 4041 980 4104 citius
1001 4040 1139 4116 loeditur,
1159 4042 1305 4126 quisquis
1327 4045 1514 4127 obsequium

564 4143 777 4209 membrorum
792 4140 931 4223 sejungit
945 4164 963 4204 a
979 4141 1094 4224 capite.
1139 4142 1254 4223 Vigeat
1268 4165 1393 4227 semper
1407 4146 1514 4210 excel·

562 4246 661 4310 lentia
689 4242 815 4325 capitis,
839 4243 915 4325 quia
945 4243 976 4305 in
1003 4264 1042 4304 eo
1067 4243 1165 4306 totius
1195 4246 1338 4327 corporis
1367 4246 1516 4308 consistit

565 4350 660 4413 salus.
706 4346 805 4409 Varro
829 4345 861 4406 in
886 4344 1000 4426 Satyra
1022 4365 1092 4427 qnae
1117 4345 1303 4427 Menippaea
1323 4347 1516 4423 inscribitur,
