3550 5467
422 769 485 828 ali
681 779 817 825 rasurus
832 777 1119 825 sanasasarnnsrs
1215 763 1296 843 [ara.
1312 783 1374 829 rur·

417 933 541 998 sobrius
555 941 719 1016 correptor
732 930 870 1007 exultat,
893 929 1023 995 Gnatho
1044 931 1100 994 vix
1124 930 1370 1010 submurmurat,

420 1035 497 1099 dum
513 1047 617 1098 tamen
634 1054 706 1116 spes
728 1044 788 1110 est,
804 1046 860 1095 aut
883 1029 954 1096 silet
976 1032 1108 1096 omnino
1124 1033 1151 1096 si
1173 1033 1330 1119 desperat,
1343 1049 1371 1099 et

420 1134 460 1198 ad
475 1135 553 1198 alios
576 1132 701 1209 transit,
716 1133 794 1219 quia
813 1131 843 1196 ei
862 1132 1028 1197 consilium
1051 1147 1113 1210 est,
1129 1157 1259 1220 semper
1281 1137 1367 1201 felici-

417 1234 528 1298 oribus
542 1234 713 1298 adhaerere.

421 1509 502 1593 Cap.
518 1514 547 1572 4.
576 1511 670 1583 Quod
697 1511 827 1572 nullum
860 1509 973 1572 vitium
1007 1508 1107 1589 pejus
1136 1512 1293 1589 aaornir,
1318 1530 1369 1573 aar

463 1614 568 1675 amari
583 1633 674 1693 possa
690 1613 747 1692 qni
765 1616 931 1692 suspectata
944 1618 989 1672 ast
1009 1611 1181 1675 avaritia:
1213 1623 1245 1676 et
1262 1614 1300 1676 de
1313 1614 1365 1675 da·

459 1716 538 1794 plici
549 1716 647 1797 fonte
667 1714 884 1777 liberalitatis:
918 1720 949 1775 et
970 1719 1044 1776 aler
1065 1714 1108 1777 ait
1131 1717 1255 1796 potior:
1285 1725 1314 1779 el
1334 1718 1368 1779 dr

462 1815 612 1879 Considio
626 1823 656 1879 el
674 1816 787 1881 Gillia.

461 1960 536 2021 Nnc
567 1975 684 2035 tamen,
710 1956 768 2020 etsi
798 1954 1007 2041 prodigalitas
1037 1955 1187 2020 videatur
1211 1957 1243 2020 in
1270 1959 1367 2044 culpa,

418 2056 520 2120 locum
537 2059 673 2123 arbitror
688 2058 831 2123 avaritiae
846 2056 1099 2144 relinquendum.
1137 2058 1275 2124 Nullam
1290 2062 1378 2124 enim,

417 2159 529 2223 vitium
554 2160 697 2226 deterius
716 2175 775 2240 est,
795 2159 920 2225 nullum
943 2161 1175 2241 detestabilius,
1196 2165 1366 2247 praesertim

416 2259 446 2322 in
462 2259 523 2336 his,
538 2263 595 2348 qui
611 2262 837 2347 principatum,
853 2276 910 2328 ant
932 2264 1154 2348 magistratum
1176 2265 1317 2352 aliquem
1336 2267 1364 2330 in

413 2362 574 2446 republica
602 2377 728 2449 gerunt.
783 2368 857 2429 Non
888 2367 970 2429 enim
1002 2389 1051 2429 res
1080 2367 1160 2451 ipsa,
1191 2369 1248 2432 sed
1278 2369 1367 2434 etiam

413 2464 521 2549 opinio
536 2467 604 2551 ejus
618 2465 749 2530 vitanda
763 2480 828 2540 est;
853 2482 883 2531 et
900 2468 1028 2531 omnino
1048 2469 1244 2554 impossibile
1259 2486 1318 2550 est,
1333 2483 1366 2536 ut

413 2565 515 2630 fidelis
545 2567 692 2631 videatur
721 2568 828 2644 alicui,
858 2581 915 2632 aut
946 2591 1051 2634 amore
1080 2570 1212 2655 dignus,
1243 2576 1299 2659 qui
1329 2597 1364 2637 ex

412 2673 527 2735 merito
552 2671 637 2757 apud
661 2693 774 2754 graves
800 2683 831 2734 et
854 2671 1098 2756 circumspectos
1122 2674 1208 2737 viros
1228 2674 1366 2740 avaritia

412 2774 623 2858 suspicionem
647 2773 789 2837 incurrit.
836 2775 944 2849 Quum
961 2794 1038 2836 vero
1060 2774 1131 2839 laus
1146 2791 1178 2839 et
1202 2776 1295 2841 lavor
1310 2780 1365 2841 hu·

413 2898 535 2962 manus,
558 2876 688 2961 quasia
709 2873 829 2959 duplici
852 2874 940 2938 fonte
961 2875 1160 2961 proveniant,
1181 2901 1289 2965 operae
1310 2881 1365 2944 sci·

412 2977 486 3042 licet
500 2993 532 3041 et
548 2978 702 3063 pecunia,
718 2974 841 3040 facilior
856 2989 905 3041 est
922 2977 1001 3053 baec,
1012 2980 1191 3062 praesertim
1207 2980 1363 3069 locupleti.

414 3079 474 3142 Sed
492 3080 546 3143 illa
562 3079 679 3143 lautior
692 3091 723 3142 et
740 3077 936 3164 splendidior
950 3090 981 3144 et
1003 3078 1131 3164 dignior
1150 3081 1219 3145 viro
1236 3083 1312 3149 forti
1334 3098 1363 3149 et

411 3179 505 3243 claro.
553 3181 633 3243 Nam
651 3179 707 3264 qui
725 3181 854 3244 virtutis
868 3199 965 3263 opera
985 3191 1016 3242 et
1036 3179 1201 3247 industria
1222 3183 1364 3250 liberales

350 3306 353 3311 ·
410 3295 515 3361 erunt,
536 3306 602 3369 quo
625 3281 773 3366 pluribus
795 3281 985 3365 profuerint,
1007 3304 1045 3344 eo
1071 3282 1180 3368 plnres
1206 3285 1247 3349 ad
1275 3287 1364 3351 bene-

412 3385 592 3450 faciendum
608 3384 771 3447 habebunt
788 3382 957 3469 adjutores.
1004 3385 1129 3450 Deinde
1149 3389 1364 3456 benefaciendi

409 3487 639 3552 consuetudine
664 3487 840 3572 paratiores
868 3500 975 3563 erunt,
1001 3499 1033 3552 et
1062 3501 1217 3575 tanquam
1247 3495 1363 3559 exerci-

410 3589 539 3653 tatiores
554 3588 595 3650 ad
611 3587 691 3652 bene
706 3589 746 3652 de
767 3588 878 3654 multis
900 3590 1155 3675 promerendum.
1203 3595 1238 3658 Si
1261 3610 1362 3661 tamen

336 3693 339 3699 '
409 3713 482 3754 arca
508 3700 702 3773 suppeteret,
726 3690 806 3753 nibil
832 3690 1001 3775 gloriosius
1025 3704 1073 3756 est
1097 3716 1135 3756 ea
1160 3694 1361 3773 liberalitate,

408 3815 482 3879 quae
497 3789 640 3854 consistit
656 3790 687 3853 in
700 3790 806 3855 donis:
831 3794 969 3856 maxime
984 3816 1085 3880 quum
1100 3809 1133 3859 et
1151 3798 1310 3876 Socrates,
1326 3815 1360 3864 ut

407 3895 537 3969 dicitnr,
558 3893 774 3983 interrogatus
793 3915 940 3979 quanam
963 3907 1044 3958 esset
1065 3896 1247 3963 substantia
1266 3901 1360 3966 beati·

407 3996 541 4070 tudinis,
562 3992 668 4080 dignis
689 3993 807 4056 donare
830 3993 1007 4078 respondit.
1053 3995 1127 4081 Ego
1149 4000 1282 4084 quidem
1306 4004 1359 4067 So·

407 4100 556 4164 creticam
588 4095 805 4160 definitionem
832 4094 876 4159 sic
908 4096 1179 4180 interpretandam
1211 4104 1358 4178 arbitror,

405 4218 442 4269 ut
458 4203 596 4288 dignitas
611 4201 643 4264 in
666 4197 887 4282 accipientium
910 4200 1097 4264 necessitate
1117 4204 1272 4270 credatur
1285 4230 1358 4285 esse,

407 4304 457 4367 vel
488 4303 617 4366 meritis.
666 4299 735 4362 Illis
764 4298 846 4361 enim
873 4299 928 4381 qui
957 4318 1215 4383 promeruerunt,
1243 4306 1356 4371 donare

403 4408 529 4491 justum
546 4414 608 4477 est;
633 4417 662 4466 et
679 4400 724 4464 eis
746 4400 802 4485 qui
826 4399 979 4486 indigent,
995 4403 1165 4468 subvenire
1184 4407 1292 4494 pium:
1316 4414 1357 4474 ita
