3550 5467
279 804 353 853 car.
369 789 424 869 11.]
642 808 896 856 musaraneus.
1198 799 1239 857 85

278 1009 362 1094 Gap.
386 1016 417 1072 2.
452 1013 504 1073 De
525 1010 634 1073 errore
657 1013 940 1074 Academicorum:
972 1021 1004 1074 et
1026 1035 1103 1096 quos
1124 1035 1234 1075 eoram

330 1114 429 1174 liceat
444 1114 586 1187 imitari,
601 1121 633 1175 et
648 1134 716 1197 quie
731 1121 806 1174 eunt
823 1113 1019 1176 dubitabilia
1033 1121 1187 1198 sapienti,

325 1247 405 1308 Non
428 1257 535 1309 tamen
560 1268 682 1325 omues,
703 1247 758 1329 qui
779 1246 1044 1310 Academicorum
1068 1262 1236 1312 censentur

281 1349 424 1425 nomine,
435 1348 521 1411 hanc
534 1347 607 1411 dico
623 1346 789 1410 modestiae
800 1349 943 1429 regulam
957 1351 1112 1426 tenuisse,
1135 1373 1233 1434 quum

280 1457 316 1508 et
329 1448 485 1528 professio
501 1448 602 1510 scissa
617 1447 668 1523 sit,
683 1456 717 1510 et
738 1467 796 1529 pro
819 1458 910 1529 parte
934 1458 997 1510 tam
1020 1450 1094 1510 risui
1118 1460 1235 1533 pateat,

282 1569 380 1631 quam
395 1549 501 1612 errori.
546 1549 633 1621 Quid
648 1549 733 1612 enim
754 1550 905 1632 ineptius,
921 1573 1017 1633 quam
1033 1552 1185 1614 fluctuare
1200 1554 1234 1613 in

281 1649 430 1731 singulis,
445 1660 479 1713 et
491 1651 612 1713 nullius
627 1651 672 1712 rei
688 1651 806 1713 habere
824 1651 1059 1725 certitudinem,
1072 1662 1104 1714 et
1118 1674 1234 1715 nomeu

281 1750 475 1834 Philosophi
489 1750 651 1836 profiteri?
685 1753 769 1815 Nam
786 1752 840 1834 qui
857 1751 898 1814 de
913 1753 1062 1814 omnibus
1077 1753 1235 1831 dubitant,

279 1875 322 1917 eo
347 1853 438 1937 quod
458 1854 538 1917 nihil
561 1854 702 1917 habeant
724 1867 857 1931 certum,
872 1869 936 1918 tam
962 1877 980 1918 a
1004 1854 1076 1927 fide,
1096 1877 1191 1939 quam
1216 1878 1235 1919 a

282 1958 419 2020 scicntia
440 1957 537 2020 alieni
560 1966 644 2020 sunt.
695 1957 789 2020 Licet
810 1958 899 2019 enim
922 1958 1003 2021 fides
1025 1959 1065 2021 ad
1089 1959 1233 2022 scientior

281 2060 429 2123 bravium
458 2082 521 2123 non
552 2059 727 2144 perveniat,
753 2057 828 2120 dum
859 2061 951 2143 quasi
982 2083 1039 2144 per
1068 2061 1232 2145 speculum

283 2162 448 2224 veritatem
475 2160 656 2223 absentium
683 2170 862 2236 contuetur,
884 2160 981 2223 habet
1007 2171 1112 2225 tamen
1139 2163 1234 2224 certi·

282 2261 441 2340 tudinem,
455 2263 592 2344 caligine
613 2260 829 2342 ambiguitatis
849 2263 994 2325 exclusa.
1039 2265 1136 2327 Porro
1151 2264 1177 2326 si
1193 2263 1233 2327 de

280 2364 416 2447 singulis
431 2364 646 2427 Academicus
661 2363 796 2438 dubitat,
812 2362 852 2425 de
872 2365 961 2426 nullo
977 2377 1082 2428 certus
1097 2379 1155 2443 est,
1170 2366 1233 2429 nisi

282 2467 361 2529 forte
388 2477 421 2529 et
444 2465 506 2528 hoc
533 2467 638 2547 ipsum
665 2465 819 2527 incertum
846 2465 975 2538 habeat,
1002 2487 1041 2528 an
1067 2467 1233 2530 contrariis

280 2568 506 2645 existentibus,
520 2567 553 2628 in
576 2566 700 2643 eodem,
716 2567 802 2628 circa
822 2566 919 2642 idam,
935 2578 1044 2650 posset
1059 2581 1092 2630 et
1107 2567 1233 2646 dubius,

281 2682 315 2733 et
329 2683 436 2733 certus
451 2691 530 2733 esse.
568 2668 635 2732 Sed
651 2689 692 2730 an
708 2668 843 2745 dubitet,
859 2669 1015 2730 incertum
1031 2670 1138 2746 habet,
1155 2669 1231 2731 dum

281 2771 343 2834 hoe
359 2771 464 2854 ipsum
481 2771 593 2846 nescit,
603 2791 645 2832 an
661 2769 792 2831 nesciat.
823 2770 930 2839 Quum
944 2789 1017 2830 vero
1032 2769 1064 2830 in
1082 2791 1121 2832 eo
1136 2767 1232 2831 homo

281 2873 398 2937 ceteris
427 2873 618 2935 animalibus
647 2880 786 2955 praestet,
814 2869 899 2953 quod
930 2871 1051 2932 ratione
1082 2871 1175 2952 rigat,
1202 2882 1233 2933 et

280 2975 493 3056 intelligentia
510 2975 598 3053 (nam
617 2973 650 3034 in
672 2972 832 3048 sensibus,
847 2971 902 3054 qni
924 2971 1002 3032 licet
1023 2972 1137 3035 animae
1160 2974 1232 3052 sint,

281 3076 426 3159 corporis
444 3097 515 3139 esse
536 3075 695 3149 dicuntur,
712 3073 805 3135 facile
826 3081 1002 3153 superatur,
1017 3093 1123 3156 neque
1143 3074 1231 3155 lynci

280 3177 386 3240 valeat
401 3177 517 3259 aequari
534 3175 732 3258 perspicacia
747 3172 930 3234 oculorum:
955 3193 1010 3235 sus
1025 3174 1135 3237 auditu
1151 3197 1231 3257 prae·

280 3280 377 3355 valet,
397 3280 500 3342 vultur
521 3291 575 3341 aut
596 3279 687 3342 canis
710 3274 854 3352 odoratu,
875 3285 970 3356 gustu
993 3277 1094 3354 simia,
1116 3299 1232 3343 aranea

279 3378 394 3461 tactu).
440 3382 558 3457 Quum,
580 3380 722 3463 inquam,
745 3377 948 3439 discernendi
974 3389 1006 3441 et
1030 3379 1230 3460 intelligendi

280 3485 402 3548 viribus
426 3485 522 3546 horno
544 3480 715 3566 praecedat,
737 3480 809 3564 quis
835 3480 1085 3561 prestantiorem
1111 3484 1231 3562 bestiis,

280 3599 337 3651 aut
357 3587 551 3670 potiusquis
573 3606 639 3647 nou
662 3583 854 3659 inferiorern,
870 3593 903 3645 et
918 3595 953 3645 ut
968 3583 1013 3645 ita
1028 3584 1144 3661 dicam,
1160 3587 1231 3667 quis

280 3689 454 3752 brutiorem
477 3709 542 3750 non
564 3685 675 3750 credat
701 3685 875 3759 hominem,
898 3684 951 3747 cni
976 3685 1057 3748 ratio
1079 3707 1142 3749 uon
1166 3688 1230 3752 dis-

279 3790 391 3866 cernit,
404 3789 587 3852 intellectus
602 3808 667 3849 non
684 3786 787 3866 sapit3
811 3807 908 3868 quum
924 3796 957 3847 et
971 3786 1063 3849 bruta
1078 3786 1117 3849 ad
1130 3809 1231 3870 quan·

280 3891 354 3956 dam
379 3892 512 3955 rationis
533 3890 705 3971 imaginem
729 3886 968 3970 quodammodo
992 3888 1159 3953 videantur
1180 3913 1230 3955 as·

279 3993 428 4076 surgere?
462 3993 546 4054 Nam
562 4005 594 4053 et
609 3991 699 4054 canis
714 4011 790 4052 suos
806 3989 958 4052 discernit
972 3991 1119 4069 allectus,
1133 3995 1229 4056 bene-

280 4097 426 4162 ficiorum
449 4115 570 4157 memor
593 4104 651 4169 est,
668 4090 915 4155 familiaritatem
938 4113 1012 4154 cum
1035 4094 1165 4156 homine
1188 4095 1228 4156 ab

278 4199 478 4284 experientia
500 4217 602 4259 rerum
627 4208 659 4258 et
682 4216 740 4257 usu
763 4193 932 4268 contrahit,
948 4208 980 4256 et
999 4192 1147 4255 amicitiae
1164 4214 1228 4273 prae

277 4301 403 4377 ceteris,
418 4297 512 4382 quasi
533 4296 630 4359 iidem
646 4295 854 4358 familiaribus
868 4294 1038 4368 exhibens,
1053 4293 1184 4354 rationis
1199 4306 1231 4358 et

277 4404 464 4468 intellectus
487 4399 625 4483 quodam
647 4399 835 4462 nobilitatur
856 4393 997 4476 ingenio.
1044 4391 1107 4454 Sed
1129 4404 1163 4455 et
1183 4395 1229 4458 in·
