3550 5467
408 751 472 809 224
668 757 803 802 sonuum
818 754 1099 803 saansaarusnsrs
1189 740 1276 814 [ma.
1290 757 1353 801 rur.

412 927 531 989 tantur,
547 911 674 997 subjicit
691 911 825 982 animus,
841 925 873 970 et
887 907 977 993 quod
997 911 1030 971 in
1046 907 1092 971 eis
1109 906 1291 989 jucundum
1305 924 1357 982 est,

412 1036 451 1076 ne
468 1012 608 1088 redeant,
627 1011 723 1096 jubet
746 1006 907 1072 abscondi.
955 1007 1050 1073 Dicat
1075 1007 1257 1092 Apostolus
1277 1010 1356 1093 quod

410 1113 555 1191 voluerit,
570 1112 646 1198 quia
670 1111 908 1176 fornicationem
930 1109 1052 1191 fugere,
1068 1124 1101 1173 et
1125 1109 1216 1194 gulae
1240 1110 1357 1184 servire,

408 1228 464 1278 aut
479 1214 608 1276 omnino
626 1212 830 1299 impossibile,
846 1224 903 1274 aut
927 1209 1151 1275 difficillimum
1178 1235 1237 1275 est.
1283 1215 1355 1276 Nam

407 1330 439 1380 et
450 1315 505 1380 illa
514 1338 589 1401 pars
599 1313 697 1399 gula),
710 1337 781 1399 quae
793 1313 918 1398 corpori
931 1311 1012 1375 vires
1022 1312 1150 1389 adimit,
1161 1335 1357 1398 nequaquam

409 1417 551 1481 moecbiae
576 1440 690 1501 expers
716 1430 773 1479 est.
821 1416 972 1477 Venerem
1001 1415 1154 1479 Bacchus
1179 1413 1357 1500 plerumque

412 1533 589 1605 expugnat,
604 1532 636 1581 et
661 1521 812 1582 tamenin
838 1515 954 1579 sacello
970 1518 1148 1602 voluptatis
1173 1518 1298 1580 nemine
1318 1539 1359 1579 re·

411 1621 566 1686 clamante
582 1623 783 1684 conveniunt.
830 1619 863 1680 Si
888 1618 1034 1682 Bacchus
1058 1619 1251 1695 obtinuerit,
1269 1621 1356 1681 Vene-

413 1746 490 1800 rem,
506 1746 568 1787 non
585 1723 779 1806 voluptatem
803 1720 973 1804 extinguit.
1018 1726 1085 1785 Aut
1108 1720 1201 1784 nulla
1222 1722 1358 1797 ebrietas,

413 1839 470 1888 aut
488 1840 576 1889 tanta
592 1825 640 1899 sit,
658 1838 694 1887 ut
719 1823 775 1887 tibi
804 1822 887 1884 vires
911 1825 1045 1908 eripiat:
1082 1827 1192 1907 siqua
1216 1838 1265 1886 est
1287 1826 1361 1886 inter

414 1939 596 2012 utramque,
622 1940 723 1989 nocet.
768 1923 954 2010 Utrobique
979 1947 999 1986 a
1025 1927 1096 1987 Deo
1121 1922 1293 2002 receditur,
1314 1923 1359 1987 sed

413 2050 478 2111 qua
499 2027 600 2111 magis
622 2026 800 2100 aberretur,
817 2047 879 2086 non
904 2024 995 2088 facile
1018 2023 1168 2087 dixerim.
1216 2025 1280 2090 Sed
1297 2027 1357 2110 jam

411 2127 546 2191 alterum
569 2128 682 2191 erroris
708 2130 834 2189 nomine
856 2147 917 2189 non
945 2140 1101 2199 censetur,
1125 2125 1206 2211 quia
1227 2126 1360 2191 arctina

411 2228 560 2314 propellit
574 2244 692 2304 notam,
701 2242 732 2290 et
745 2228 895 2311 ingenitae
907 2226 1104 2292 liberalitatis
1115 2229 1234 2291 babere
1246 2228 1362 2291 videtur

411 2331 590 2414 imaginem.
637 2332 745 2406 Quum
764 2344 871 2394 autem
887 2329 1085 2394 liberalitatis
1099 2330 1236 2394 effectus
1253 2353 1362 2394 nnnca

414 2433 493 2508 loco,
508 2455 591 2497 nunc
607 2457 625 2494 a
642 2447 793 2518 tempore,
812 2456 895 2496 nunc
911 2456 929 2495 a
951 2433 1144 2518 quantitate,
1161 2456 1247 2497 nunc
1261 2457 1280 2496 a
1301 2454 1364 2519 per·

411 2535 505 2612 sonis,
516 2555 602 2597 nunc
613 2536 653 2596 ab
671 2557 741 2611 usu,
753 2551 784 2596 et
800 2534 989 2598 assiduitate
1003 2535 1186 2611 exercendi,
1199 2534 1360 2600 laudetur:

413 2637 468 2701 illa
496 2636 656 2723 praecipue
681 2636 942 2700 commendabilis
970 2637 1126 2712 creditur,
1151 2659 1228 2723 quar
1253 2639 1285 2701 in
1314 2637 1365 2701 ali·

414 2741 539 2819 mentis,
553 2753 585 2802 et
605 2739 655 2801 his
679 2739 798 2822 quibus
820 2752 935 2803 natura
958 2739 1093 2824 indiget,
1107 2754 1166 2803 aut
1183 2747 1250 2805 vita
1270 2739 1365 2804 civilis

413 2856 557 2916 ornatur,
573 2841 690 2904 clarius
703 2842 856 2904 enitescit.
903 2841 992 2925 Ergo
1015 2843 1072 2927 qui
1096 2865 1208 2906 omnes
1229 2843 1364 2907 admittit

413 2943 452 3003 ad
470 2965 621 3020 mensam,
636 2942 844 3007 exactissimae
860 2942 1062 3007 liberalitatis
1078 2958 1139 3007 est.
1187 2945 1286 3009 Plane
1300 2944 1367 3030 qui·

411 3042 496 3116 dem,
511 3066 614 3129 eoque
628 3042 799 3117 liberalior,
815 3066 880 3128 quo
895 3044 1004 3129 plures
1019 3043 1174 3109 admittit.
1223 3043 1286 3110 Sed
1309 3044 1363 3108 hoc

411 3145 533 3208 calculo
562 3144 744 3231 paucissimi
774 3144 978 3231 colliguntur.
1026 3146 1198 3210 Proximus
1227 3163 1286 3226 est,
1311 3149 1363 3231 qui

412 3249 471 3311 etsi
487 3271 548 3311 non
564 3270 674 3311 omnes
688 3248 849 3325 admittat,
860 3272 914 3312 eos
929 3272 1011 3333 quos
1026 3248 1205 3314 introducit
1218 3250 1262 3313 sic
1272 3251 1364 3322 cibat,

412 3354 456 3414 sic
471 3365 573 3436 potat,
588 3352 632 3414 sic
647 3350 678 3413 in
701 3350 846 3415 tricliniis
861 3350 964 3425 fulcit,
979 3363 1012 3414 et
1027 3349 1109 3415 locat
1133 3351 1365 3416 discumbentes

413 3453 443 3512 in
476 3449 638 3530 sedilibus,
665 3467 701 3515 ut
726 3453 804 3516 nihil
831 3454 880 3515 vel
906 3451 1080 3536 excogitari
1107 3453 1232 3517 lautius
1259 3453 1364 3540 possit.

415 3551 677 3634 Multiplicentur
699 3554 829 3627 fercula,
845 3554 908 3618 cibi
923 3554 975 3617 alii
996 3554 1066 3617 aliis
1081 3554 1278 3631 farciuntur,
1293 3579 1364 3620 con·

411 3651 545 3715 diuntur
570 3653 638 3716 lraec
664 3653 735 3728 illis,
761 3670 793 3718 et
819 3657 850 3719 in
882 3655 1031 3741 injuriam
1059 3669 1195 3732 naturae,
1223 3658 1363 3722 innatum

411 3752 596 3836 relinquere,
607 3767 637 3816 et
650 3753 787 3818 alienum
796 3771 958 3839 coguntur
969 3755 1081 3820 afferre
1091 3779 1248 3841 saporem.
1284 3759 1363 3821 Con-

412 3854 562 3916 ficiuntur
587 3868 619 3919 et
645 3856 842 3922 salsamenta.
889 3859 978 3922 Garo
1001 3857 1077 3921 nihil
1102 3858 1200 3922 vilius
1225 3875 1284 3936 est,
1307 3858 1363 3924 nisi

411 3956 621 4042 complurium
638 3958 826 4044 polliceatur
840 3960 983 4035 effectus,
999 3975 1030 4023 et
1046 3960 1164 4023 iudicia
1178 3963 1362 4047 speciemm.

414 4060 590 4145 Egregium
615 4076 719 4125 tamen
741 4075 789 4125 est
812 4062 843 4124 in
868 4063 1063 4148 hujusmodi,
1087 4062 1176 4147 quod
1200 4065 1316 4139 mimis,
1333 4077 1362 4126 et

412 4162 628 4240 histrionibus,
651 4179 683 4228 et
707 4164 910 4246 rumigerulis
932 4163 1046 4250 placet.
1093 4166 1174 4226 Haec
1196 4165 1281 4228 enim
1305 4186 1363 4229 non

411 4263 450 4326 ad
467 4266 644 4341 veritatem,
659 4265 711 4327 eed
728 4263 768 4327 ad
784 4266 964 4349 opinionem
981 4269 1087 4329 omnia
1103 4265 1196 4329 fiunt.
1241 4267 1364 4353 Coquo-

410 4386 480 4428 rum
497 4365 666 4429 solicitudo
680 4365 781 4429 fervet
796 4381 865 4430 arte
887 4366 1070 4451 multiplici,
1083 4366 1259 4431 eliciuntur
1277 4370 1362 4452 jura,
