3550 5467
406 755 473 800 car.
490 739 583 820 xxa]
772 751 1025 802 rotrcnarrcus.
1302 738 1360 805 tra

408 911 479 973 Non
497 920 665 993 coguntur
679 906 754 970 dare
769 906 809 968 de
825 906 898 971 suis.
946 906 1024 984 Quis
1039 908 1121 970 euim
1141 908 1181 971 de
1203 908 1363 976 laboribus

405 1008 517 1072 alienis
531 1006 775 1071 redditurusest
788 1007 965 1071 rationem?
989 1007 1075 1082 Quid
1091 1009 1213 1073 multa?
1237 1010 1363 1083 Multis,

404 1124 436 1174 et
451 1109 559 1195 longis
578 1107 834 1195 allegationibus,
853 1110 1001 1174 videntur
1020 1110 1195 1188 adstruere,
1212 1113 1361 1198 quoniam

405 1213 483 1276 alios
508 1211 650 1276 decimas
672 1211 748 1275 dare
771 1233 833 1275 non
860 1212 1041 1298 prohibent,
1063 1212 1141 1277 dum
1167 1214 1229 1300 ipsi
1251 1215 1292 1279 ab
1318 1218 1363 1279 eis

405 1313 522 1381 dandis
544 1315 701 1380 immunes
721 1316 795 1389 siut,
813 1316 887 1400 quia
910 1314 989 1380 adeo
1010 1316 1149 1401 religiosi
1172 1330 1258 1394 sunt,
1274 1317 1362 1402 quod

407 1419 437 1481 in
452 1442 491 1482 ea
506 1431 599 1505 parte
616 1417 769 1503 derogare
793 1432 925 1504 possunt
944 1417 1162 1482 constitutioni
1186 1418 1314 1494 divinae,
1330 1436 1362 1483 et

406 1519 437 1584 in
453 1544 493 1584 eo
512 1520 645 1584 licenter
668 1520 773 1584 minus
789 1521 873 1605 grati
894 1533 967 1583 sunt
988 1518 1101 1605 gratim
1118 1519 1190 1597 Dei,
1207 1544 1273 1605 quo
1292 1544 1361 1585 eam

406 1621 617 1709 amplioribus
647 1622 806 1687 beneficiis
835 1622 1055 1707 experiuntur.
1101 1623 1181 1699 Quae
1207 1623 1290 1685 enirn
1322 1646 1361 1686 ex

406 1722 473 1786 sola
487 1727 594 1808 gratia
617 1726 820 1810 proveniunt,
837 1738 873 1787 ut
897 1738 970 1787 sunt
991 1723 1090 1800 foena,
1106 1738 1137 1787 et
1161 1739 1273 1810 sponte
1293 1747 1364 1788 nas-

406 1826 521 1902 centia,
537 1848 600 1889 non
622 1840 790 1891 censentur
811 1827 950 1890 obnoxia
968 1826 1122 1910 religioni.
1169 1828 1278 1891 Primo
1294 1828 1364 1911 qui-

405 1927 477 1992 dem
495 1926 574 1992 dum
591 1927 703 2013 religio
724 1942 914 2015 paupertate
928 1927 1102 2011 gaudebat,
1117 1940 1149 1992 et
1172 1929 1204 1992 in
1227 1929 1361 1992 aliorum

406 2031 610 2096 necessitates
631 2045 687 2097 aut
709 2054 786 2095 usus
805 2031 989 2095 effundebat
1012 2032 1131 2094 viscera
1151 2031 1266 2117 inopiae
1284 2054 1362 2108 suoe,

406 2131 534 2197 indulta
549 2148 623 2197 sunt
636 2133 803 2220 privilegia
819 2132 1077 2218 professionibus,
1089 2154 1160 2215 quae
1175 2135 1362 2197 necessitate

406 2246 559 2312 cessante,
570 2247 602 2299 et
617 2234 805 2319 frigescente
820 2234 964 2313 caritate,
976 2238 1083 2320 potius
1098 2235 1251 2314 avaritiae,
1262 2256 1360 2321 quam

406 2335 570 2420 religionis
595 2336 803 2401 instrumenta
830 2337 1011 2401 creduntur.
1057 2338 1140 2400 Ecce
1171 2338 1253 2401 enim
1286 2338 1362 2423 quia

407 2459 517 2501 omnes
533 2437 565 2500 bi
581 2438 785 2524 privilegiati,
797 2462 871 2525 quae
883 2463 939 2504 sua
955 2453 1028 2503 suut
1041 2453 1203 2525 quaerunt,
1214 2452 1246 2504 et
1255 2440 1363 2517 Jesus,

406 2538 464 2623 qui
479 2538 678 2623 praedicatur
697 2540 727 2602 in
749 2539 889 2624 publico,
911 2552 968 2604 aut
987 2534 1115 2602 omnino
1135 2540 1235 2616 abest,
1251 2554 1308 2604 aut
1329 2539 1360 2603 in

408 2638 528 2705 abditis
544 2639 630 2704 latet.
676 2640 758 2704 Inde
772 2653 830 2715 est,
843 2642 930 2728 quod
947 2663 1046 2725 quum
1063 2640 1102 2703 ad
1119 2640 1264 2725 iniquum
1279 2663 1363 2704 corn-

407 2741 562 2828 pendium
577 2743 719 2808 avaritiae
732 2744 900 2830 privilegia
914 2744 997 2808 trabi
1008 2742 1201 2828 conspiceret
1218 2747 1256 2806 B.
1270 2742 1363 2806 Adri-

407 2865 499 2924 anus,
525 2842 634 2906 volens
662 2867 700 2907 ea
728 2845 857 2907 omnino
883 2865 1040 2921 revocare,
1067 2840 1223 2905 licentiam
1250 2863 1359 2904 eorum

406 2944 465 3008 hac
492 2943 709 3010 moderatione
735 2944 942 3031 compescuit,
971 2955 1006 3007 ut
1032 2966 1106 3028 quae
1133 2943 1174 3005 de
1200 2943 1363 3007 laboribus

407 3059 576 3134 usurpant,
597 3048 680 3111 circa
700 3044 825 3111 novalia
846 3046 1005 3109 duntaxat
1026 3048 1265 3130 interpretetur.
1311 3047 1362 3110 Sic

405 3151 489 3214 enim
505 3148 645 3234 gaudere
657 3163 808 3235 poterunt
818 3148 1005 3235 privilegiis,
1018 3151 1083 3212 sine
1094 3147 1183 3232 gravi
1196 3147 1362 3235 dispendio

403 3252 490 3337 juris
518 3251 622 3316 alieni.
668 3253 778 3315 Unum
811 3268 915 3315 tamen
946 3264 993 3315 est
1020 3251 1107 3336 quod
1138 3265 1246 3316 tantus
1272 3266 1363 3337 pater

411 3367 578 3441 utcunque
608 3355 774 3420 sustinuit:
806 3373 837 3419 et
861 3355 939 3440 quia
961 3368 1088 3440 patrum
1112 3355 1286 3419 canonibus
1316 3378 1363 3419 re-

406 3456 566 3543 fragatur,
582 3457 725 3523 mirabile
740 3472 788 3522 est
804 3458 835 3522 in
850 3458 951 3523 oculis
965 3461 1089 3522 nostris
1139 3457 1261 3523 Milites
1276 3481 1362 3522 narn-

408 3581 472 3645 que
511 3559 634 3646 templi,
662 3560 711 3624 sui
747 3561 854 3623 favore
887 3560 1089 3623 ecclesiarum
1124 3560 1360 3646 dispositionem

407 3660 587 3737 vendicant,
603 3676 759 3748 occupant
775 3677 975 3747 personatus,
990 3677 1020 3726 et
1043 3663 1278 3748 quodammodo
1293 3688 1362 3730 san-

407 3764 535 3848 guinem
554 3765 674 3829 Christi
689 3765 836 3829 fidelibus
859 3765 1036 3829 ministrare
1057 3781 1267 3851 praesumunt,
1281 3790 1362 3853 quo·

407 3886 477 3930 rum
494 3865 560 3929 fere
576 3867 729 3951 professio
744 3880 792 3932 est
816 3868 990 3933 humanum
1013 3868 1199 3954 sanguinem
1215 3868 1360 3933 fundere.

409 3967 479 4031 Non
503 3967 652 4054 equidem
672 3968 758 4054 quod
777 3993 830 4033 eos
849 3971 935 4035 viros
952 3971 1142 4056 sanguinum
1168 3970 1282 4040 dicam,
1304 3971 1360 4055 qui

408 4089 486 4155 pene
498 4071 556 4134 soli
570 4070 652 4134 inter
665 4071 805 4134 homines
817 4071 959 4158 legitima
974 4089 1089 4157 gerunt
1102 4073 1195 4148 bella,
1208 4095 1307 4158 quum
1330 4085 1362 4134 et

409 4171 513 4237 David
531 4195 593 4236 non
611 4188 740 4259 propter
756 4174 849 4253 bella,
865 4199 939 4261 quae
959 4175 1102 4259 legitime
1117 4172 1296 4245 exercebat,
1314 4171 1362 4233 vir

408 4275 598 4361 sanguinum
615 4274 722 4340 dictus
743 4276 793 4351 sit,
812 4277 867 4342 sed
890 4291 1020 4363 propter
1043 4279 1168 4346 Uriam,
1184 4273 1277 4355 cujus
1292 4295 1362 4334 san-

407 4379 537 4462 guinem
567 4363 750 4443 innocenter
772 4379 896 4443 effudit.
945 4383 988 4443 tu
1013 4377 1095 4440 enim
1120 4377 1151 4436 in
1177 4373 1363 4469 Canonibus
