3550 5467
521 719 563 778 40
774 735 910 781 solutus
926 735 1205 780 saansaamarvsrs
1338 718 1419 796 [nra.
1436 734 1479 777 vr.

524 887 620 950 turios
645 887 778 951 faciunt.
823 890 898 951 Non
924 889 1050 969 estqui
1075 908 1149 951 cum
1174 889 1220 950 eis
1246 887 1320 949 velit
1346 907 1475 948 manum

525 1009 700 1065 conserere,
716 1002 771 1052 aut
785 991 840 1073 qui
855 990 931 1054 velit
945 1010 1038 1072 aequo
1054 989 1159 1051 Marte
1180 988 1258 1072 quid
1279 988 1406 1051 valeant
1420 1007 1476 1050 ex·

523 1091 631 1174 perivi.
691 1090 813 1153 Armati
835 1092 972 1153 inermes
995 1090 1037 1154 ad
1063 1090 1254 1171 campestria
1279 1101 1475 1173 provocant3

524 1192 580 1256 sed
610 1193 748 1256 inermes
768 1192 810 1256 ad
840 1193 1007 1271 silvestria,
1029 1194 1106 1278 quia
1135 1191 1175 1255 de
1205 1192 1332 1275 propria
1361 1191 1474 1253 virtute

524 1293 653 1370 diffidit,
676 1315 770 1356 nemo
793 1307 972 1358 nostrornm
1003 1295 1210 1379 persequitur.
1257 1293 1388 1356 Utinam
1411 1312 1477 1353 me·

523 1397 652 1459 moriter
666 1397 852 1472 tenuissent,
866 1395 953 1481 quod
966 1395 1006 1459 de
1022 1396 1196 1477 Cisalpinis
1212 1396 1359 1457 Romana
1372 1405 1477 1455 narrat

524 1494 665 1572 historia,
680 1499 774 1580 cujus
788 1499 883 1560 rerba
903 1509 977 1560 sunt
996 1499 1085 1561 haec:
1110 1497 1346 1579 Cisalpinorum
1362 1493 1477 1557 incolis

520 1598 620 1660 animi
649 1598 796 1677 serarum,
817 1620 952 1683 corpora
980 1601 1055 1683 plus
1084 1620 1180 1682 quam
1210 1598 1351 1660 hnmana
1373 1606 1477 1658 erant·

522 1698 588 1762 Sed
602 1701 823 1783 experimento
838 1700 1074 1785 deprehensum
1089 1711 1148 1776 est,
1162 1701 1238 1784 quia
1252 1700 1349 1761 virtus
1364 1718 1472 1760 eorum

521 1802 605 1865 sicut
620 1804 723 1884 primo
745 1803 867 1886 impetu
890 1804 990 1886 major
1012 1814 1061 1866 est
1082 1823 1178 1885 quam
1202 1801 1348 1877 virorum,
1362 1801 1409 1862 ita
1422 1820 1470 1861 se-

521 1924 624 1985 quens
654 1905 759 1966 minor
786 1925 882 1986 quam
913 1905 1099 1966 feminarum
1130 1914 1187 1965 est.
1237 1904 1357 1983 Alpina
1386 1903 1471 1964 enim

518 2022 653 2085 corpora
667 2002 818 2065 humente
833 2005 917 2066 coelo
933 2003 1080 2079 educata,
1095 2003 1216 2065 babent
1229 2003 1352 2085 aliquid
1368 2004 1472 2066 simile

518 2103 643 2165 nivibus
659 2104 736 2179 suis,
751 2125 848 2185 quum
871 2126 949 2166 mox
970 2104 1161 2166 incaluerint
1174 2125 1292 2187 pugna,
1309 2105 1415 2166 statim
1437 2106 1470 2168 in

517 2204 662 2266 sudorem
678 2214 763 2279 eunt,
780 2216 812 2267 et
827 2205 892 2266 levi
906 2215 995 2267 motu
1011 2204 1102 2288 quasi
1117 2206 1184 2267 sole
1200 2206 1356 2268 laxantur.
1380 2206 1468 2268 Alibi

516 2325 643 2389 quoque
673 2306 862 2387 Alpinarum
894 2306 1036 2386 gentium
1066 2305 1174 2368 feritas
1204 2307 1298 2370 facile
1328 2308 1379 2369 vel
1408 2328 1469 2390 per

514 2407 662 2469 mulieres
684 2406 871 2485 ostenditur,
887 2430 959 2491 quae
980 2407 1209 2472 deficientibus
1231 2409 1314 2482 telis,
1328 2409 1466 2471 infantes

513 2528 588 2570 suos
603 2509 741 2574 afflictos
756 2511 846 2573 humi
861 2511 893 2572 iu
917 2532 974 2573 ora
992 2509 1127 2573 militum
1150 2512 1283 2574 adversa
1301 2511 1465 2573 miserunt.

514 2610 549 2674 Si
565 2621 671 2674 essent
685 2613 781 2695 plane
795 2613 850 2696 qni
864 2614 1091 2695 impugnarent
1102 2613 1313 2676 Nivicollinos
1328 2623 1465 2689 nostros,

511 2711 724 2795 proculdubio
747 2715 958 2778 vincerentur.
1004 2713 1080 2788 Sed,
1097 2726 1131 2776 nt
1145 2715 1191 2776 ait
1205 2714 1382 2788 Amentius,
1397 2735 1462 2775 nou

510 2828 559 2877 est
590 2816 646 2898 qni
675 2815 773 2880 saciat
804 2815 960 2890 facienda,
992 2836 1064 2900 quae
1091 2817 1155 2878 sere
1179 2816 1290 2899 perfici
1320 2816 1465 2879 ultronea

510 2915 636 2979 fortuna
671 2917 844 3001 compellit.
907 2919 1069 2981 Armatam
1101 2917 1301 3000 provinciam
1332 2916 1463 2980 inermis

509 3015 713 3103 imbellisque
752 3019 916 3084 barbaries
952 3017 1146 3102 aggreditur,
1182 3018 1396 3103 depopulatur
1430 3031 1462 3082 et

509 3132 622 3198 vastat,
636 3123 738 3206 etqui
753 3120 842 3186 domi
859 3146 925 3187 suae
946 3123 1054 3198 esurit,
1071 3122 1171 3186 milite
1191 3135 1298 3185 nostro
1314 3119 1459 3195 cedente,

509 3221 550 3285 de
572 3236 682 3287 nostro
708 3225 849 3300 satiatur,
870 3237 904 3289 et
928 3225 961 3287 in
985 3235 1094 3288 nostro
1117 3224 1195 3287 facit
1217 3225 1352 3287 luxuriae
1376 3221 1459 3285 diem

507 3324 633 3387 festum.
686 3325 844 3407 Nunquirl
872 3326 959 3386 enim
988 3346 1054 3387 non
1077 3324 1166 3387 cedit
1186 3325 1289 3397 miles,
1312 3325 1368 3405 qui
1394 3345 1459 3386 non

506 3425 634 3506 repellit
648 3423 771 3486 bostem
795 3426 978 3502 irruentem,
992 3436 1024 3487 et
1042 3423 1286 3486 imminentem?
1333 3425 1368 3486 Si
1385 3447 1459 3488 vcro

505 3545 566 3586 nec
587 3546 676 3587 amor
696 3526 818 3608 patriae,
831 3545 892 3587 nec
914 3545 1017 3587 rerum
1041 3524 1168 3602 damna,
1183 3545 1243 3587 nee
1266 3525 1377 3587 salutis
1399 3527 1459 3588 im·

503 3625 652 3688 minentis
669 3626 710 3688 ab
733 3626 825 3689 hoste
847 3624 1067 3707 dispendium,
1083 3626 1134 3687 vel
1155 3624 1286 3708 pudoris
1308 3627 1456 3691 stimulus

505 3726 652 3790 virtutem
674 3727 796 3791 militiae
819 3743 937 3791 nostrae
960 3727 1103 3792 excitare
1124 3727 1291 3806 debuerat,
1314 3731 1455 3813 cuixjam

503 3828 635 3892 inermis
650 3842 682 3892 et
696 3830 839 3892 insolens
849 3830 1012 3893 Walensis
1028 3831 1168 3894 insultat.
1214 3830 1456 3895 Proverbialiter

502 3928 567 3992 dici
583 3931 676 4005 solet,
688 3931 765 4012 qnia
778 3931 894 3995 misera
908 3945 989 3994 terra
1003 3942 1053 3995 est
1067 3952 1162 4014 quam
1178 3953 1275 4013 agaso
1290 3936 1340 3996 vel
1356 3935 1454 3997 mulio

502 4031 722 4117 depopulatur.
760 4033 856 4105 Quod
872 4034 899 4096 si
913 4034 1004 4096 nulla
1018 4033 1240 4098 exhortatione
1252 4035 1343 4111 virili,
1355 4037 1454 4098 nostri

500 4144 637 4217 possunt
650 4134 767 4197 milites
778 4134 818 4197 ad
835 4135 938 4198 virilia
951 4135 1146 4212 incitari,ch
1163 4149 1277 4198 matres
1292 4150 1324 4198 et
1338 4158 1454 4199 uxores

498 4237 685 4301 cedentium
716 4257 772 4299 eos
795 4248 929 4318 urgeant
954 4235 995 4299 ad
1018 4237 1175 4299 virtutem.
1223 4240 1305 4301 Nam
1332 4238 1452 4321 aliquid

501 4339 563 4403 tale
579 4341 612 4402 in
626 4339 741 4423 priscis
752 4338 896 4403 historiis
908 4339 1074 4402 invenitur.
1121 4338 1225 4413 Quum
1238 4340 1454 4421 enim-irruen-
