3550 5467
406 773 481 817 car.
498 755 578 830 xm]
763 767 1017 813 mnrcmrrcus
1309 761 1371 819 277

407 927 435 989 si
450 927 578 988 musica
592 923 724 1000 deforet,
735 922 798 984 sibi
810 921 974 983 cumulum
990 922 1156 1004 sapientiae
1172 922 1363 988 defuturum.

408 1028 450 1090 ln
473 1049 512 1090 ea
534 1038 642 1089 tamen
666 1024 799 1086 nimium
821 1022 983 1104 occupari,
1005 1023 1084 1084 citra
1107 1023 1363 1108 philosophicam

407 1128 596 1210 gravitatem
616 1136 675 1188 ost.
720 1122 878 1207 Nunquid
903 1122 987 1184 enirn
1010 1123 1109 1186 rirum
1130 1124 1257 1188 decebit
1278 1130 1363 1211 sapi·

409 1240 529 1305 entem,
540 1226 714 1311 praesertim
726 1224 812 1308 quod
824 1225 919 1287 etiarn
931 1226 964 1286 in
980 1247 1059 1288 sexu
1070 1227 1213 1289 muliebri
1227 1231 1362 1312 turpitu·
1381 1266 1386 1275 ·

410 1329 496 1393 dinis
511 1351 578 1391 non
593 1330 703 1408 effugit
718 1325 848 1389 notam?
881 1328 966 1389 Nam
982 1337 1014 1388 ot
1029 1328 1197 1391 Sallustius
1213 1329 1362 1414 Sempro·

408 1432 497 1493 niam
512 1428 728 1514 reprehendit,
744 1450 809 1490 non
829 1427 957 1511 quidem
974 1428 1062 1511 quod
1085 1430 1210 1502 saltare,
1226 1444 1258 1493 et
1278 1437 1363 1516 psal·

409 1533 485 1606 lere,
502 1531 560 1594 sed
583 1530 670 1614 quod
686 1530 806 1612 optime
823 1530 941 1592 scierit.
986 1530 1041 1591 Ait
1062 1530 1159 1607 enirn,
1173 1534 1309 1613 psallere
1332 1548 1364 1600 et

409 1635 523 1697 saltare
546 1632 724 1713 elegantius
745 1653 840 1714 quam
855 1651 987 1693 necesse
1004 1642 1052 1693 est
1073 1633 1191 1713 probae.
1237 1635 1365 1718 Optime

409 1748 517 1800 tamen
534 1747 676 1811 cantare,
692 1735 718 1796 si
736 1735 814 1796 citra
829 1733 987 1795 levitatem
1013 1745 1119 1814 posset
1133 1734 1254 1812 baberi,
1269 1738 1364 1820 plane

408 1837 623 1903 desiderabile
644 1848 703 1899 est.
748 1837 788 1897 In
811 1835 959 1897 omnibus
974 1834 1059 1897 enirn
1083 1857 1155 1918 quae
1178 1835 1366 1920 simpliciter

409 1939 599 2024 expetibilia
612 1949 697 2010 sunt,
711 1959 775 2020 quo
788 1937 962 1999 intensiora
973 1946 1044 1998 sunt
1061 1938 1094 1999 in
1110 1938 1263 2020 qualitate
1275 1940 1364 2016 boni,

409 2063 447 2104 eo
461 2042 687 2124 expetibiliora
703 2053 787 2103 sunt.
826 2038 891 2102 Sed
907 2060 949 2100 ex
964 2038 1121 2124 adjunctis
1136 2054 1272 2122 possunt
1281 2064 1362 2106 non·

408 2142 498 2204 nulla
512 2163 583 2205 esse
599 2152 757 2224 suspecta.
802 2139 923 2201 Lucius
939 2139 1029 2222 Sylla
1045 2141 1091 2202 rir
1111 2142 1190 2203 tanti
1213 2144 1362 2224 nominis,

409 2243 530 2325 optime
561 2254 706 2306 cantasse
735 2242 885 2305 traditur:
924 2240 981 2304 sed
1012 2241 1129 2319 dotem,
1155 2243 1300 2308 libidinis
1329 2260 1363 2310 et

408 2344 606 2409 crudelitatis
628 2357 705 2406 nota
727 2344 920 2426 perstrinxit.
967 2344 1083 2408 Catoni
1109 2367 1237 2430 quoquo
1259 2350 1363 2413 visum

407 2457 458 2509 est
487 2447 570 2508 bene
601 2458 741 2520 cantare,
767 2465 832 2506 non
863 2444 937 2506 serii
967 2445 1107 2508 hominis
1137 2468 1216 2509 esse.
1268 2450 1362 2513 Unde

406 2547 557 2609 nimirum
583 2547 732 2608 Marcum
759 2555 937 2606 senatorem
963 2566 1027 2606 non
1058 2547 1242 2627 ignobilem,
1269 2548 1362 2611 Ceci-

407 2647 487 2709 lium
516 2647 738 2728 spaciatorem,
763 2658 794 2707 et
824 2645 1060 2707 Fescenninurn
1091 2657 1194 2723 vocat,
1223 2668 1362 2731 eumque

407 2747 575 2810 staticulos
589 2746 664 2809 dare
676 2747 726 2810 his
738 2747 843 2808 verbis
859 2746 921 2808 ait:
947 2746 1125 2809 Descendit
1136 2745 1176 2809 de
1188 2748 1363 2828 cantherio,

407 2847 485 2911 inde
509 2848 674 2911 staticulos
697 2847 783 2923 dare,
807 2847 989 2910 ridicularia
1011 2847 1155 2909 sundere.
1201 2849 1246 2910 Et
1267 2850 1362 2916 alibi:

407 2950 568 3014 Praeterea
579 2961 687 3013 cantat
697 2949 754 3011 ubi
766 2949 924 3026 collibuit,
935 2948 1094 3011 interdum
1111 2951 1243 3013 Graecos
1254 2973 1363 3018 rersus

405 3050 485 3134 agit,
495 3052 591 3137 jocos
602 3051 690 3124 dicit,
703 3074 798 3115 voces
814 3052 976 3130 denuctat,
988 3053 1153 3115 staticulos
1165 3052 1227 3115 dat.
1266 3055 1363 3119 Porro

406 3154 463 3217 illa
478 3155 624 3237 voluptas
643 3155 765 3217 aurium
788 3164 879 3237 grata
895 3165 943 3218 est
965 3153 1135 3226 honestati,
1152 3175 1223 3235 quae
1239 3156 1363 3221 virtutis

405 3270 457 3321 est
482 3258 597 3333 amica,
620 3271 675 3320 aut
699 3279 763 3320 non
787 3269 836 3319 cst
858 3257 990 3319 conscia
1015 3257 1232 3338 turpitudinis.
1277 3260 1362 3324 Ocu·

406 3362 513 3423 lorum
529 3383 603 3423 rero
618 3362 763 3443 voluptas
785 3361 956 3421 histriones
971 3359 1159 3434 introduxit,
1176 3372 1207 3422 et
1228 3362 1361 3428 mimos:

406 3461 496 3546 quod
526 3475 557 3524 et
586 3462 698 3544 Scipio
728 3463 900 3524 Africanus
929 3461 1132 3537 AEmilianus,
1157 3464 1190 3525 in
1220 3466 1363 3529 oratione

406 3575 521 3628 contra
534 3565 639 3643 legem
648 3563 852 3645 judiciariam
865 3563 985 3626 Tiberii
1002 3564 1152 3639 Gracchi,
1164 3587 1228 3630 non
1240 3569 1363 3632 medio·

405 3666 502 3729 criter
515 3665 731 3749 reprehendit.
778 3667 946 3728 Docentur
967 3666 1145 3748 prestigias
1164 3669 1362 3748 inhonestas,

407 3789 482 3831 cum
513 3766 694 3839 cinaedulis,
723 3777 756 3828 et
784 3769 947 3840 sambuca,
977 3768 1192 3850 psalterioque
1222 3788 1299 3837 eunt
1327 3778 1362 3839 in

406 3870 516 3932 ludum
528 3869 727 3944 histrionum,
739 3863 869 3931 discunt
880 3881 1018 3946 cantare,
1030 3891 1101 3953 quae
1117 3871 1252 3955 majores
1264 3879 1364 3940 nostri

405 3969 553 4051 ingenuis
576 3970 694 4052 probro
717 3968 827 4031 ducier
850 3970 1033 4033 voluerunt:
1065 3983 1153 4049 eunt,
1173 3974 1314 4058 inquam,
1330 3979 1363 4038 in

407 4072 519 4135 ludum
545 4071 740 4134 saltatorium
762 4071 845 4133 inter
871 4072 1014 4134 cinaedos
1037 4073 1186 4153 virgines,
1208 4077 1364 4159 puerique

406 4173 551 4254 ingenui.
601 4173 680 4235 Haec
705 4192 802 4255 quum
825 4172 905 4235 mihi
930 4173 1099 4256 quisquam
1120 4177 1277 4246 narrabat,
1299 4197 1364 4238 non

409 4286 554 4358 poteram
578 4274 719 4336 animum
741 4273 904 4349 inducere,
922 4295 962 4336 ea
983 4275 1102 4337 liberos
1125 4295 1199 4337 suos
1221 4274 1368 4340 homines

406 4377 536 4439 nobiles
549 4375 675 4438 docere.
707 4374 771 4439 Sed
785 4395 883 4457 quum
897 4375 1012 4438 ductus
1023 4396 1093 4443 sum
1106 4375 1138 4435 in
1154 4374 1265 4437 ludum
1277 4380 1370 4450 salta.
