3550 5467
406 743 560 829 car.1n.]
759 765 1014 812 contemnens.
1317 754 1360 814 89

405 938 475 980 esse
490 916 642 980 idoneus.
688 917 798 980 Timor
813 919 897 981 enim
918 918 1002 982 sicut
1021 918 1185 982 modestiae
1201 933 1357 1001 cognatus

404 1028 465 1094 est,
482 1018 531 1080 ita
551 1017 718 1081 familiaria
739 1029 788 1082 est
807 1019 954 1103 sapienti.
1000 1020 1076 1082 Non
1097 1021 1151 1083 ille
1174 1031 1280 1084 tamen
1303 1020 1358 1104 qui

404 1128 546 1182 mentem
570 1120 687 1195 turbat,
703 1131 736 1181 et
754 1119 845 1202 quasi
866 1120 995 1183 turbine
1013 1119 1153 1204 quodam
1175 1121 1305 1184 rationis
1326 1131 1359 1184 et

404 1219 627 1300 intelligentias
653 1218 844 1303 praestringit
868 1222 1008 1297 oculum,
1031 1221 1088 1285 sed
1112 1223 1168 1305 qni
1194 1222 1359 1307 componit

405 1320 561 1399 animum,
576 1330 609 1383 et
626 1321 717 1405 quasi
739 1321 925 1385 humilitatis
947 1319 1057 1401 fomes,
1072 1323 1234 1387 hominem
1253 1322 1359 1388 reddit

405 1421 446 1485 ad
469 1423 578 1486 omnia
600 1423 725 1487 virtutis
748 1424 855 1487 officia
877 1424 1041 1507 aptiorem.
1095 1424 1191 1488 Unde
1214 1426 1247 1487 in
1270 1426 1359 1488 libris

407 1523 562 1586 Noctium
591 1524 766 1588 Atticamm
795 1526 907 1590 scribit
937 1527 1038 1589 Aulus
1064 1527 1200 1604 Gellius,
1225 1527 1271 1589 vir
1296 1529 1358 1590 ele·

406 1625 514 1704 gantis
528 1625 659 1710 eloquii,
674 1637 707 1689 et
726 1629 834 1691 multae
854 1628 1009 1702 scientiar,
1026 1650 1059 1690 se
1080 1627 1252 1711 aliquando
1269 1629 1358 1692 nari·

406 1748 499 1810 gesse
524 1749 597 1792 cum
624 1728 763 1813 quodam
789 1730 996 1816 philosopho,
1022 1752 1125 1814 eoque
1151 1730 1253 1793 nobili
1278 1731 1359 1793 inter

405 1827 544 1892 Stoicos.
591 1829 659 1892 lllis
680 1841 786 1893 antem
806 1852 848 1893 ex
869 1851 986 1912 magna
1006 1841 1094 1913 parte
1115 1832 1148 1892 in
1169 1830 1357 1893 sententiam

405 1928 500 2005 sedit,
529 1927 633 1993 timori
662 1931 769 1995 locum
798 1953 863 1994 non
896 1953 965 1995 essa
995 1933 1026 1994 iu
1056 1933 1162 1995 animo
1196 1932 1359 2015 sapientis,

406 2051 508 2114 quum
530 2032 641 2096 omnia
665 2054 707 2096 ex
733 2036 921 2099 necessitate
943 2035 1143 2119 proveniant,
1163 2036 1357 2118 stultumque

407 2132 449 2196 sit
463 2133 586 2209 timere,
598 2133 685 2217 qnod
702 2134 793 2198 vitari
807 2157 873 2198 non
888 2146 1008 2218 potest:
1031 2147 1064 2200 et
1074 2158 1092 2199 e
1104 2148 1213 2200 contra
1227 2135 1358 2200 unicum

407 2234 450 2297 sit
469 2235 657 2313 remedium,
672 2247 706 2299 ut
728 2238 774 2300 vir
796 2237 936 2320 prudens
957 2238 1152 2302 fortitudinis
1173 2239 1255 2301 vires
1277 2258 1357 2321 prae·

406 2347 509 2417 paret,
531 2349 564 2400 et
584 2339 698 2401 robore
723 2339 897 2422 patientiae,
920 2340 1012 2424 quasi
1038 2340 1232 2404 solidissimo
1258 2338 1357 2403 animi

406 2436 520 2499 invicti
531 2438 658 2521 clypeo,
669 2439 777 2502 omnia
787 2441 851 2502 tela
860 2442 1061 2504 necessitatis
1072 2441 1223 2523 excipiat.
1250 2440 1357 2512 Quum

407 2559 484 2620 ergo
509 2540 672 2622 navigium
697 2543 823 2605 turbato
849 2543 938 2616 mari,
962 2553 1125 2605 ventorum
1148 2541 1359 2619 vehementia,

407 2639 556 2724 coeloque
585 2641 703 2705 minaci
740 2641 1009 2724 periculosissime
1039 2643 1224 2724 jactaretur,
1252 2640 1356 2723 philo-

408 2740 531 2826 sophus
560 2742 591 2804 vi
621 2742 743 2806 timoris
771 2744 939 2826 expalluit.
995 2742 1122 2806 Deinde
1150 2763 1248 2826 quum
1279 2749 1358 2803 tern-

407 2853 532 2925 pestate
558 2853 720 2908 transacta
744 2847 898 2909 securitas
927 2845 1117 2929 praebuisset
1141 2841 1358 2926 colloquendi,

407 2956 443 3008 ut
464 2945 513 3022 fit,
533 2957 567 3009 et
588 2948 807 3030 congarriendi
828 2950 948 3025 locum,
970 2948 1128 3011 sociorum
1152 2967 1236 3009 unus
1259 2944 1359 3022 dives,

407 3048 603 3125 luxuriosus,
615 3047 787 3128 Asiaticus,
798 3050 899 3132 coepit
914 3050 1104 3133 compellare
1116 3047 1359 3130 Philosophum,

409 3159 441 3213 et
468 3149 603 3213 illudere
629 3152 671 3229 ei,
697 3173 735 3214 eo
759 3151 848 3236 quod
874 3163 986 3215 contra
1012 3148 1243 3233 professionem
1269 3169 1359 3212 suam

408 3252 522 3315 timore
538 3249 704 3336 palluerat,
720 3275 818 3337 quum
838 3253 918 3336 ipse,
933 3254 989 3337 qui
1003 3252 1134 3314 minime
1151 3250 1359 3334 philosopha·

409 3356 513 3433 batur,
527 3355 697 3419 mansisset
716 3355 897 3439 intrepidus
918 3356 952 3417 in
969 3376 1019 3429 eo,
1036 3353 1121 3437 quod
1141 3352 1358 3436 impendebat,

408 3457 518 3520 exitio.
564 3458 607 3520 At
621 3458 674 3519 ille
689 3457 844 3540 Aristippi
866 3457 1021 3521 Socratici
1041 3477 1229 3539 responsum
1245 3456 1361 3533 retulit,

410 3556 465 3639 qui
481 3577 580 3639 quum
596 3557 627 3618 in
649 3578 683 3620 rc
702 3558 797 3620 simili
819 3557 976 3635 similiter,
992 3568 1025 3620 et
1038 3578 1057 3618 a
1072 3556 1232 3620 consimili
1248 3578 1359 3638 argue·

408 3671 503 3737 retur,
521 3659 704 3741 respondit:
727 3660 818 3723 illurn
841 3681 900 3743 pro
922 3661 1030 3722 anima
1051 3659 1238 3743 nequissimi
1261 3663 1359 3724 nehu-

408 3760 493 3824 lonis
507 3762 620 3825 merito
636 3784 701 3825 non
717 3763 813 3826 fuisse
830 3762 1012 3825 solicitum:
1041 3782 1075 3824 se
1090 3772 1195 3825 autem
1211 3761 1361 3826 debuisse

408 3862 520 3926 timere
540 3885 599 3946 pro
619 3864 726 3928 anima
745 3865 910 3949 Aristippi.
955 3865 1076 3929 Divitis
1093 3886 1167 3947 ergo
1184 3865 1361 3948 quaestione

410 3963 556 4047 depulsa,
592 3967 728 4030 accessit
764 3968 866 4030 Aulus
903 3968 1040 4044 Gellius,
1072 3988 1137 4029 nou
1174 3963 1361 4047 exagitandi

410 4065 530 4140 animo,
552 4065 608 4127 sed
633 4065 790 4143 discendi,
812 4066 1009 4130 familiariter
1030 4088 1188 4149 qumans,
1212 4083 1361 4150 quaeuam

410 4176 495 4230 esset
516 4187 615 4231 causa
639 4168 759 4231 timoris
781 4170 840 4246 sui,
862 4191 962 4253 quum
983 4181 1179 4253 praeceptum
1203 4168 1245 4229 sit
1265 4165 1360 4228 disci·

410 4267 508 4350 plinar
529 4267 721 4346 Stoicorum,
736 4291 776 4333 ne
793 4270 903 4333 mortis
918 4271 1067 4332 timeatur
1081 4269 1251 4342 adventus,
1264 4286 1361 4349 quam

409 4377 537 4432 constat
562 4390 631 4432 esse
654 4369 823 4434 indubium
846 4370 1015 4435 terminum
1037 4371 1119 4432 rite.
1165 4366 1224 4428 Ille
1244 4377 1362 4445 autem,
