3550 5467
415 735 480 794 250
646 743 784 790 Joassrs
798 741 1091 787 ssassnaarsxsrs
1211 723 1298 803 [sus
1313 745 1377 789 vsu.

407 898 501 976 liber,
512 896 569 962 sed
581 896 700 960 virtute
710 893 873 959 incolumi.
921 898 1011 960 Nam
1024 895 1223 960 convivium
1237 895 1378 975 Herodis,

408 1013 464 1064 sut
479 997 663 1073 Pharaonis,
672 995 1004 1061 dumimmoderatam
1016 997 1059 1060 ad
1071 1011 1194 1082 gestus
1205 997 1376 1075 saltatrice,

407 1115 463 1164 aut
480 1101 637 1163 fervorem
655 1098 734 1175 vini,
748 1097 894 1162 laetitiam
904 1097 1061 1186 concipit,
1078 1100 1147 1163 fine
1162 1104 1292 1186 tragico
1304 1100 1374 1173 exit,

407 1216 440 1266 et
464 1199 635 1265 homicidio
660 1199 849 1264 maculatur.
896 1201 971 1263 Hoc
997 1200 1099 1265 etiam
1129 1223 1192 1264 ncc
1213 1200 1373 1286 gentilium

407 1303 548 1387 gravitas
563 1305 734 1388 approbat.
779 1299 925 1364 Valerius
938 1318 1056 1366 auctor
1066 1317 1132 1379 est,
1142 1303 1236 1390 quod
1254 1303 1374 1368 Porcius

410 1407 494 1470 Cato
506 1404 643 1469 Lucium
654 1400 848 1466 Flaminium
860 1401 994 1466 sustulit
1006 1426 1026 1466 a
1034 1425 1178 1468 numero
1186 1419 1372 1482 senatorum,

407 1507 486 1593 quia
515 1505 655 1592 aliquem
687 1504 876 1568 damnatum
905 1503 1004 1590 impie
1034 1507 1143 1570 securi
1167 1520 1371 1592 percusserat,

410 1622 554 1696 tempore
569 1623 673 1672 tamen
698 1605 857 1692 supplicii,
872 1605 929 1669 sed
945 1606 986 1669 ad
1005 1607 1184 1673 arbitrium
1200 1622 1235 1674 et
1256 1625 1372 1694 specta·

411 1711 520 1774 culum
536 1709 735 1774 convivantis
747 1707 954 1783 muliercula,
970 1709 1066 1795 cujus
1081 1732 1195 1774 amore
1211 1713 1371 1776 tenebatur

409 1811 552 1876 allectus
599 1810 661 1874 Sed
677 1823 709 1874 et
724 1811 843 1873 Lucius
856 1808 1000 1884 Flaccus,
1017 1824 1051 1874 et
1065 1808 1196 1896 collega
1209 1813 1293 1898 ejus,
1305 1835 1371 1876 cen·

411 1935 509 1992 sores,
531 1911 730 1975 Duronicum
754 1922 865 1973 senatu
889 1925 1072 1990 moverunt,
1094 1912 1188 1996 quod
1213 1912 1315 1998 legem
1335 1913 1372 1977 de

410 2010 592 2075 coercendis
621 2011 836 2074 conviviorum
868 2009 1054 2096 sumptibus
1085 2011 1199 2093 latam,
1229 2014 1371 2079 tribunus

409 2111 513 2197 plebis
527 2110 749 2195 abrogaverat,
765 2109 897 2173 mirifica
911 2124 1000 2177 notae
1013 2134 1120 2176 causa
1169 2114 1277 2190 Quam
1292 2114 1369 2177 enim

409 2210 614 2298 impudenter
629 2214 795 2276 Duronius
805 2227 908 2276 rostra
922 2214 1120 2291 conscendit,
1136 2214 1195 2279 illa
1203 2215 1370 2280 dicturus?

411 2313 506 2378 Freni
521 2326 596 2377 sunt
611 2313 720 2398 injecti
743 2314 844 2390 vobis,
865 2315 1020 2392 Quirites,
1037 2317 1128 2381 nullo
1150 2317 1250 2382 modo
1264 2341 1371 2405 perpe-

410 2416 520 2482 tiendi.
565 2415 697 2501 Alligati
712 2429 745 2479 et
759 2418 925 2481 constricti
941 2418 1018 2482 estis
1031 2441 1141 2484 amaro
1164 2421 1298 2485 vinculo
1312 2444 1371 2484 ser-

412 2519 535 2584 vitutis.
579 2517 648 2583 laex
664 2517 747 2581 enim
764 2515 840 2582 data
855 2532 915 2596 est,
926 2542 1003 2604 quse
1015 2543 1073 2584 nos
1087 2519 1174 2607 frugi
1190 2545 1259 2586 csse
1269 2523 1371 2609 jubet

412 2624 613 2709 Abrogemus
626 2642 705 2707 ergo
719 2620 800 2685 illud
816 2621 957 2685 lrorridae
969 2624 1142 2688 vetustatis
1154 2624 1307 2710 rubigine
1320 2625 1372 2689 ob·

412 2727 509 2792 situm
529 2724 711 2812 imperium.
755 2724 884 2788 Etenim
907 2725 987 2811 quid
1009 2749 1092 2813 opus
1109 2741 1158 2792 est
1175 2727 1323 2793 libertate
1337 2729 1373 2803 si,

412 2827 595 2893 volentibus
609 2828 689 2891 luxu
701 2825 815 2912 perire,
832 2848 895 2889 non
911 2824 1010 2890 licet?
1034 2828 1096 2892 Est
1105 2841 1138 2892 et
1152 2827 1217 2892 alia
1230 2829 1264 2893 in
1280 2829 1373 2893 sacris

412 2931 513 2995 literis
533 2928 697 2994 civilitatis
719 2941 805 3008 nota,
827 2941 864 2992 ut
885 2929 927 2992 ab
941 2928 1035 2992 initio
1056 2930 1237 3014 gratiarum
1259 2954 1372 3019 praece·

413 3032 491 3099 dant
506 3032 655 3096 actiones
701 3032 784 3094 Nam
800 3044 833 3095 et
855 3029 936 3094 illud
956 3045 1093 3108 constat,
1108 3033 1199 3121 quod
1222 3034 1372 3100 liberalis·

413 3135 523 3214 simus,
538 3147 570 3200 et
592 3132 807 3211 civilissimus,
821 3146 877 3197 aut
900 3132 1111 3199 facetissimus
1133 3137 1373 3222 paterfamilias,

412 3237 469 3322 qui
485 3237 525 3301 de
540 3236 686 3323 quinque
708 3235 845 3323 panibus
867 3235 994 3299 satiavit
1018 3237 1281 3322 quinquemillia
1303 3262 1374 3304 con·

413 3339 569 3418 vivarum,
584 3360 698 3422 panem
714 3351 885 3422 antequam
902 3337 1076 3422 frangeret,
1096 3339 1287 3404 benedicere
1301 3363 1374 3405 con-

414 3442 527 3506 suevit.
591 3440 655 3506 Sed
684 3458 717 3506 et
747 3440 827 3505 illud
853 3440 977 3505 celebre
1004 3455 1054 3505 est
1086 3444 1254 3528 sapientis,
1284 3444 1369 3531 quod

415 3541 628 3627 philosophia,
658 3566 733 3628 quoe
767 3544 897 3607 unicum
935 3565 1052 3607 munus
1083 3560 1133 3609 est
1168 3545 1315 3622 deorum,
1343 3560 1374 3612 et

413 3641 580 3726 disciplina
609 3641 863 3728 disciplinarum,
893 3643 1077 3708 honoranda
1106 3660 1156 3711 est
1187 3647 1373 3734 antiloquio.

415 3743 520 3810 Civile
533 3766 663 3829 quoque
678 3757 739 3821 est,
755 3760 787 3810 et
812 3747 908 3810 sacris
923 3745 1023 3812 literis
1042 3763 1304 3826 consentaneum,
1319 3764 1373 3815 aut

414 3846 543 3910 omnino
558 3844 650 3910 silere
665 3848 699 3911 in
721 3871 841 3925 mensa,
863 3863 900 3914 ut
914 3848 1027 3913 audias
1044 3849 1085 3913 ad
1102 3852 1297 3936 profectum,
1318 3869 1374 3917 aut

413 3947 498 4011 unde
513 3947 678 4034 proficiant
699 3949 764 4027 alii,
779 3964 837 4014 aut
859 3950 925 4014 sine
944 3949 1040 4036 culpa
1056 3950 1221 4029 loetentur,
1243 3954 1372 4019 doctum

413 4051 555 4137 proferre
573 4075 760 4118 sermonem.
806 4053 972 4139 Siquidem
994 4066 1026 4117 et
1042 4053 1127 4119 inter
1142 4056 1372 4122 comedendum

413 4155 570 4222 Dominus
592 4157 768 4242 parabolas,
789 4169 846 4220 aut
863 4157 960 4219 verba
983 4156 1057 4220 viss
1073 4156 1264 4243 frequenter
1285 4159 1373 4224 audi·

415 4255 537 4322 toribus
559 4257 679 4321 miscet.
724 4260 808 4321 Sunt
839 4270 945 4321 nutem
977 4257 1072 4320 nimis
1101 4259 1221 4337 tristia,
1253 4276 1286 4325 et
1310 4261 1372 4324 fere

413 4357 575 4424 civilitatis
590 4360 712 4444 ignara,
730 4358 786 4422 ubi
803 4358 882 4424 eitra
899 4359 1094 4445 voluptatem
1112 4363 1281 4442 audiendi,
1292 4362 1375 4428 solus
