<?xml version="1.0" encoding="UTF-8"?>
<!DOCTYPE html PUBLIC "-//W3C//DTD XHTML 1.0 Transitional//EN"
    "http://www.w3.org/TR/xhtml1/DTD/xhtml1-transitional.dtd">
<html xmlns="http://www.w3.org/1999/xhtml" xml:lang="en" lang="en">
 <head>
  <title>
</title>
<meta http-equiv="Content-Type" content="text/html;charset=utf-8" />
  <meta name='ocr-system' content='tesseract 3.04.00' />
  <meta name='ocr-capabilities' content='ocr_page ocr_carea ocr_par ocr_line ocrx_word'/>
</head>
<body>
  <div class='ocr_page' id='page_1' title='image "./joannissaresber17johngoog_0207.png"; bbox 0 0 3550 5467; ppageno 0'>
   <div class='ocr_carea' id='block_1_1' title="bbox 411 757 1374 833">
    <p class='ocr_par' dir='ltr' id='par_1_1' title="bbox 411 757 1374 833">
     <span class='ocr_line' id='line_1_1' title="bbox 411 757 1374 833; baseline 0.009 -16"><span class='ocrx_word' id='word_1_1' title='bbox 411 773 485 818; x_wconf 72' lang='grc' dir='ltr'><strong>ω’.</strong></span> <span class='ocrx_word' id='word_1_2' title='bbox 502 757 599 833; x_wconf 68' lang='lat' dir='ltr'><strong>xxa]</strong></span> <span class='ocrx_word' id='word_1_3' title='bbox 780 775 1037 823; x_wconf 79' lang='lat' dir='ltr'><strong>ronvcuarrcus.</strong></span> <span class='ocrx_word' id='word_1_4' title='bbox 1314 769 1374 830; x_wconf 77' lang='lat'><strong>19⁷</strong></span> 
     </span>
    </p>
   </div>
   <div class='ocr_carea' id='block_1_2' title="bbox 402 927 1376 2735">
    <p class='ocr_par' dir='ltr' id='par_1_2' title="bbox 402 927 1376 2735">
     <span class='ocr_line' id='line_1_2' title="bbox 412 927 1367 1014; baseline 0.013 -28"><span class='ocrx_word' id='word_1_5' title='bbox 412 936 507 1004; x_wconf 80' lang='lat' dir='ltr'><strong>gatus</strong></span> <span class='ocrx_word' id='word_1_6' title='bbox 537 927 616 1010; x_wconf 86' lang='lat' dir='ltr'><strong>qnid</strong></span> <span class='ocrx_word' id='word_1_7' title='bbox 645 928 707 990; x_wconf 85' lang='lat' dir='ltr'><strong>albi</strong></span> <span class='ocrx_word' id='word_1_8' title='bbox 737 935 859 991; x_wconf 80' lang='lat' dir='ltr'><strong>tantam</strong></span> <span class='ocrx_word' id='word_1_9' title='bbox 889 928 987 1007; x_wconf 89' lang='lat' dir='ltr'><strong>daret,</strong></span> <span class='ocrx_word' id='word_1_10' title='bbox 1015 932 1209 1014; x_wconf 82' lang='lat' dir='ltr'><strong>quae-vellet</strong></span> <span class='ocrx_word' id='word_1_11' title='bbox 1238 932 1367 998; x_wconf 88' lang='lat' dir='ltr'><strong>dicendi</strong></span> 
     </span>
     <span class='ocr_line' id='line_1_3' title="bbox 413 1027 1371 1114; baseline 0.01 -25"><span class='ocrx_word' id='word_1_12' title='bbox 413 1027 597 1091; x_wconf 81' lang='lat' dir='ltr'><strong>licentiam:</strong></span> <span class='ocrx_word' id='word_1_13' title='bbox 635 1028 701 1093; x_wconf 92' lang='lat' dir='ltr'><strong>duo</strong></span> <span class='ocrx_word' id='word_1_14' title='bbox 730 1030 907 1113; x_wconf 90' lang='lat' dir='ltr'><strong>respondit,</strong></span> <span class='ocrx_word' id='word_1_15' title='bbox 937 1052 1009 1114; x_wconf 75' lang='lat' dir='ltr'><strong>quar</strong></span> <span class='ocrx_word' id='word_1_16' title='bbox 1047 1033 1194 1098; x_wconf 90' lang='lat' dir='ltr'><strong>homines</strong></span> <span class='ocrx_word' id='word_1_17' title='bbox 1225 1030 1371 1101; x_wconf 79' lang='lat' dir='ltr'><strong>horrent:</strong></span> 
     </span>
     <span class='ocr_line' id='line_1_4' title="bbox 409 1132 1370 1204; baseline 0.011 -13"><span class='ocrx_word' id='word_1_18' title='bbox 409 1138 617 1200; x_wconf 79' lang='lat' dir='ltr'><strong>‚senectutem</strong></span> <span class='ocrx_word' id='word_1_19' title='bbox 638 1143 671 1194; x_wconf 92' lang='lat' dir='ltr'><strong>et</strong></span> <span class='ocrx_word' id='word_1_20' title='bbox 691 1132 868 1195; x_wconf 82' lang='lat' dir='ltr'><strong>orbitatem.</strong></span> <span class='ocrx_word' id='word_1_21' title='bbox 914 1132 1001 1204; x_wconf 83' lang='lat' dir='ltr'><strong>Quid</strong></span> <span class='ocrx_word' id='word_1_22' title='bbox 1022 1134 1106 1196; x_wconf 88' lang='lat' dir='ltr'><strong>enirn</strong></span> <span class='ocrx_word' id='word_1_23' title='bbox 1127 1136 1253 1200; x_wconf 85' lang='lat' dir='ltr'><strong>timebit</strong></span> <span class='ocrx_word' id='word_1_24' title='bbox 1269 1158 1370 1202; x_wconf 81' lang='lat' dir='ltr'><strong>senex</strong></span> 
     </span>
     <span class='ocr_line' id='line_1_5' title="bbox 414 1228 1371 1319; baseline 0.009 -27"><span class='ocrx_word' id='word_1_25' title='bbox 414 1228 534 1293; x_wconf 86' lang='lat' dir='ltr'><strong>orbus?</strong></span> <span class='ocrx_word' id='word_1_26' title='bbox 578 1231 715 1314; x_wconf 80' lang='lat' dir='ltr'><strong>Pyrrhus</strong></span> <span class='ocrx_word' id='word_1_27' title='bbox 729 1243 956 1315; x_wconf 85' lang='lat' dir='ltr'><strong>percunctatus</strong></span> <span class='ocrx_word' id='word_1_28' title='bbox 967 1244 1016 1296; x_wconf 88' lang='lat' dir='ltr'><strong>est</strong></span> <span class='ocrx_word' id='word_1_29' title='bbox 1026 1256 1092 1314; x_wconf 91' lang='lat' dir='ltr'><strong>eos,</strong></span> <span class='ocrx_word' id='word_1_30' title='bbox 1104 1236 1160 1319; x_wconf 91' lang='lat' dir='ltr'><strong>qui</strong></span> <span class='ocrx_word' id='word_1_31' title='bbox 1175 1237 1209 1298; x_wconf 91' lang='lat' dir='ltr'><strong>in</strong></span> <span class='ocrx_word' id='word_1_32' title='bbox 1221 1239 1371 1301; x_wconf 90' lang='lat' dir='ltr'><strong>convivio</strong></span> 
     </span>
     <span class='ocr_line' id='line_1_6' title="bbox 409 1331 1369 1418; baseline 0.013 -26"><span class='ocrx_word' id='word_1_33' title='bbox 409 1331 662 1396; x_wconf 85' lang='lat' dir='ltr'><strong>Tarentinorum</strong></span> <span class='ocrx_word' id='word_1_34' title='bbox 691 1355 804 1418; x_wconf 90' lang='lat' dir='ltr'><strong>parum</strong></span> <span class='ocrx_word' id='word_1_35' title='bbox 833 1334 1023 1397; x_wconf 88' lang='lat' dir='ltr'><strong>honoratum</strong></span> <span class='ocrx_word' id='word_1_36' title='bbox 1059 1357 1235 1401; x_wconf 87' lang='lat' dir='ltr'><strong>sermonem</strong></span> <span class='ocrx_word' id='word_1_37' title='bbox 1266 1339 1306 1403; x_wconf 90' lang='lat' dir='ltr'><strong>de</strong></span> <span class='ocrx_word' id='word_1_38' title='bbox 1335 1362 1369 1404; x_wconf 89' lang='lat' dir='ltr'><strong>se</strong></span> 
     </span>
     <span class='ocr_line' id='line_1_7' title="bbox 402 1431 1371 1520; baseline 0.01 -26"><span class='ocrx_word' id='word_1_39' title='bbox 402 1431 606 1510; x_wconf 69' lang='lat' dir='ltr'><strong>:habuerant</strong></span> <span class='ocrx_word' id='word_1_40' title='bbox 628 1457 680 1513; x_wconf 91' lang='lat' dir='ltr'><strong>au,</strong></span> <span class='ocrx_word' id='word_1_41' title='bbox 700 1457 772 1520; x_wconf 86' lang='lat' dir='ltr'><strong>quae</strong></span> <span class='ocrx_word' id='word_1_42' title='bbox 795 1435 950 1512; x_wconf 89' lang='lat' dir='ltr'><strong>audierat,</strong></span> <span class='ocrx_word' id='word_1_43' title='bbox 971 1457 1043 1499; x_wconf 88' lang='lat' dir='ltr'><strong>vera</strong></span> <span class='ocrx_word' id='word_1_44' title='bbox 1063 1448 1179 1501; x_wconf 81' lang='lat' dir='ltr'><strong>essent</strong></span> <span class='ocrx_word' id='word_1_45' title='bbox 1224 1440 1307 1502; x_wconf 93' lang='lat' dir='ltr'><strong>Tum</strong></span> <span class='ocrx_word' id='word_1_46' title='bbox 1328 1464 1371 1505; x_wconf 91' lang='lat' dir='ltr'><strong>ex</strong></span> 
     </span>
     <span class='ocr_line' id='line_1_8' title="bbox 415 1534 1373 1619; baseline 0.01 -23"><span class='ocrx_word' id='word_1_47' title='bbox 415 1534 468 1597; x_wconf 91' lang='lat' dir='ltr'><strong>bis</strong></span> <span class='ocrx_word' id='word_1_48' title='bbox 491 1556 590 1598; x_wconf 84' lang='lat' dir='ltr'><strong>unus:</strong></span> <span class='ocrx_word' id='word_1_49' title='bbox 614 1537 698 1609; x_wconf 90' lang='lat' dir='ltr'><strong>Nisi,</strong></span> <span class='ocrx_word' id='word_1_50' title='bbox 721 1537 836 1619; x_wconf 90' lang='lat' dir='ltr'><strong>inquit,</strong></span> <span class='ocrx_word' id='word_1_51' title='bbox 859 1537 967 1599; x_wconf 91' lang='lat' dir='ltr'><strong>vinum</strong></span> <span class='ocrx_word' id='word_1_52' title='bbox 989 1539 1083 1600; x_wconf 88' lang='lat' dir='ltr'><strong>nobis</strong></span> <span class='ocrx_word' id='word_1_53' title='bbox 1108 1538 1288 1614; x_wconf 82' lang='lat' dir='ltr'><strong>defecisset,</strong></span> <span class='ocrx_word' id='word_1_54' title='bbox 1311 1543 1373 1606; x_wconf 83' lang='lat' dir='ltr'><strong>ista</strong></span> 
     </span>
     <span class='ocr_line' id='line_1_9' title="bbox 416 1636 1373 1722; baseline 0.008 -24"><span class='ocrx_word' id='word_1_55' title='bbox 416 1657 489 1720; x_wconf 81' lang='lat' dir='ltr'><strong>quaa</strong></span> <span class='ocrx_word' id='word_1_56' title='bbox 512 1636 574 1703; x_wconf 87' lang='lat' dir='ltr'><strong>tibi</strong></span> <span class='ocrx_word' id='word_1_57' title='bbox 595 1639 696 1702; x_wconf 87' lang='lat' dir='ltr'><strong>relata</strong></span> <span class='ocrx_word' id='word_1_58' title='bbox 717 1649 801 1713; x_wconf 90' lang='lat' dir='ltr'><strong>sunt,</strong></span> <span class='ocrx_word' id='word_1_59' title='bbox 823 1659 889 1721; x_wconf 86' lang='lat' dir='ltr'><strong>prae</strong></span> <span class='ocrx_word' id='word_1_60' title='bbox 916 1639 968 1699; x_wconf 92' lang='lat' dir='ltr'><strong>his</strong></span> <span class='ocrx_word' id='word_1_61' title='bbox 994 1660 1066 1722; x_wconf 83' lang='lat' dir='ltr'><strong>quae</strong></span> <span class='ocrx_word' id='word_1_62' title='bbox 1093 1638 1211 1703; x_wconf 91' lang='lat' dir='ltr'><strong>dicturi</strong></span> <span class='ocrx_word' id='word_1_63' title='bbox 1237 1662 1373 1721; x_wconf 88' lang='lat' dir='ltr'><strong>eramus,</strong></span> 
     </span>
     <span class='ocr_line' id='line_1_10' title="bbox 416 1739 1375 1825; baseline 0.006 -25"><span class='ocrx_word' id='word_1_64' title='bbox 416 1739 514 1802; x_wconf 91' lang='lat' dir='ltr'><strong>ludus</strong></span> <span class='ocrx_word' id='word_1_65' title='bbox 536 1761 575 1804; x_wconf 91' lang='lat' dir='ltr'><strong>ac</strong></span> <span class='ocrx_word' id='word_1_66' title='bbox 596 1739 694 1824; x_wconf 88' lang='lat' dir='ltr'><strong>jocus</strong></span> <span class='ocrx_word' id='word_1_67' title='bbox 716 1741 859 1804; x_wconf 85' lang='lat' dir='ltr'><strong>fuissent.</strong></span> <span class='ocrx_word' id='word_1_68' title='bbox 904 1739 987 1802; x_wconf 86' lang='lat' dir='ltr'><strong>Tam</strong></span> <span class='ocrx_word' id='word_1_69' title='bbox 1008 1741 1130 1803; x_wconf 89' lang='lat' dir='ltr'><strong>urbana</strong></span> <span class='ocrx_word' id='word_1_70' title='bbox 1155 1744 1294 1825; x_wconf 79' lang='lat' dir='ltr'><strong>crapulae</strong></span> <span class='ocrx_word' id='word_1_71' title='bbox 1319 1764 1375 1807; x_wconf 90' lang='lat' dir='ltr'><strong>ex·</strong></span> 
     </span>
     <span class='ocr_line' id='line_1_11' title="bbox 418 1837 1374 1921; baseline 0.005 -21"><span class='ocrx_word' id='word_1_72' title='bbox 418 1837 555 1913; x_wconf 86' lang='lat' dir='ltr'><strong>cusatio,</strong></span> <span class='ocrx_word' id='word_1_73' title='bbox 585 1850 714 1921; x_wconf 88' lang='lat' dir='ltr'><strong>tamque</strong></span> <span class='ocrx_word' id='word_1_74' title='bbox 745 1838 886 1920; x_wconf 86' lang='lat' dir='ltr'><strong>simplex</strong></span> <span class='ocrx_word' id='word_1_75' title='bbox 922 1838 1080 1901; x_wconf 86' lang='lat' dir='ltr'><strong>confessio</strong></span> <span class='ocrx_word' id='word_1_76' title='bbox 1116 1840 1266 1914; x_wconf 89' lang='lat' dir='ltr'><strong>veritatis,</strong></span> <span class='ocrx_word' id='word_1_77' title='bbox 1295 1840 1374 1905; x_wconf 91' lang='lat' dir='ltr'><strong>iram</strong></span> 
     </span>
     <span class='ocr_line' id='line_1_12' title="bbox 414 1939 1374 2022; baseline 0.006 -22"><span class='ocrx_word' id='word_1_78' title='bbox 414 1940 548 2022; x_wconf 80' lang='lat' dir='ltr'><strong>tyranni</strong></span> <span class='ocrx_word' id='word_1_79' title='bbox 572 1939 728 2004; x_wconf 86' lang='lat' dir='ltr'><strong>convertit</strong></span> <span class='ocrx_word' id='word_1_80' title='bbox 754 1940 789 2001; x_wconf 91' lang='lat' dir='ltr'><strong>in</strong></span> <span class='ocrx_word' id='word_1_81' title='bbox 813 1939 922 2002; x_wconf 85' lang='lat' dir='ltr'><strong>risum.</strong></span> <span class='ocrx_word' id='word_1_82' title='bbox 967 1939 1086 2002; x_wconf 88' lang='lat' dir='ltr'><strong>luserit</strong></span> <span class='ocrx_word' id='word_1_83' title='bbox 1113 1962 1148 2004; x_wconf 88' lang='lat' dir='ltr'><strong>se</strong></span> <span class='ocrx_word' id='word_1_84' title='bbox 1176 1941 1261 2019; x_wconf 90' lang='lat' dir='ltr'><strong>viris,</strong></span> <span class='ocrx_word' id='word_1_85' title='bbox 1281 1942 1374 2006; x_wconf 90' lang='lat' dir='ltr'><strong>liberi</strong></span> 
     </span>
     <span class='ocr_line' id='line_1_13' title="bbox 419 2038 1373 2129; baseline 0.004 -25"><span class='ocrx_word' id='word_1_86' title='bbox 419 2042 549 2126; x_wconf 78' lang='lat' dir='ltr'><strong>spiritus</strong></span> <span class='ocrx_word' id='word_1_87' title='bbox 575 2038 699 2119; x_wconf 91' lang='lat' dir='ltr'><strong>mulier,</strong></span> <span class='ocrx_word' id='word_1_88' title='bbox 722 2041 848 2104; x_wconf 89' lang='lat' dir='ltr'><strong>barbari</strong></span> <span class='ocrx_word' id='word_1_89' title='bbox 875 2042 1052 2123; x_wconf 85' lang='lat' dir='ltr'><strong>sauguinis,</strong></span> <span class='ocrx_word' id='word_1_90' title='bbox 1079 2064 1151 2126; x_wconf 81' lang='lat' dir='ltr'><strong>quas</strong></span> <span class='ocrx_word' id='word_1_91' title='bbox 1175 2065 1196 2107; x_wconf 91' lang='lat' dir='ltr'><strong>a</strong></span> <span class='ocrx_word' id='word_1_92' title='bbox 1221 2043 1373 2129; x_wconf 92' lang='lat' dir='ltr'><strong>Philippo</strong></span> 
     </span>
     <span class='ocr_line' id='line_1_14' title="bbox 419 2142 1374 2225; baseline 0.004 -20"><span class='ocrx_word' id='word_1_93' title='bbox 419 2164 495 2225; x_wconf 82' lang='lat' dir='ltr'><strong>rege</strong></span> <span class='ocrx_word' id='word_1_94' title='bbox 520 2145 698 2212; x_wconf 82' lang='lat' dir='ltr'><strong>temulento</strong></span> <span class='ocrx_word' id='word_1_95' title='bbox 724 2142 886 2220; x_wconf 87' lang='lat' dir='ltr'><strong>damnata,</strong></span> <span class='ocrx_word' id='word_1_96' title='bbox 912 2143 1061 2210; x_wconf 90' lang='lat' dir='ltr'><strong>tumultui</strong></span> <span class='ocrx_word' id='word_1_97' title='bbox 1082 2166 1230 2223; x_wconf 78' lang='lat' dir='ltr'><strong>auterens,</strong></span> <span class='ocrx_word' id='word_1_98' title='bbox 1254 2145 1374 2209; x_wconf 91' lang='lat' dir='ltr'><strong>Provo-</strong></span> 
     </span>
     <span class='ocr_line' id='line_1_15' title="bbox 420 2243 1373 2329; baseline 0.003 -22"><span class='ocrx_word' id='word_1_99' title='bbox 420 2265 540 2321; x_wconf 87' lang='lat' dir='ltr'><strong>carem,</strong></span> <span class='ocrx_word' id='word_1_100' title='bbox 555 2244 672 2327; x_wconf 88' lang='lat' dir='ltr'><strong>iuquit,</strong></span> <span class='ocrx_word' id='word_1_101' title='bbox 687 2244 727 2307; x_wconf 95' lang='lat' dir='ltr'><strong>ad</strong></span> <span class='ocrx_word' id='word_1_102' title='bbox 743 2243 940 2328; x_wconf 81' lang='lat' dir='ltr'><strong>Philippum,</strong></span> <span class='ocrx_word' id='word_1_103' title='bbox 954 2244 1010 2308; x_wconf 91' lang='lat' dir='ltr'><strong>sed</strong></span> <span class='ocrx_word' id='word_1_104' title='bbox 1032 2246 1182 2310; x_wconf 88' lang='lat' dir='ltr'><strong>sobrium.</strong></span> <span class='ocrx_word' id='word_1_105' title='bbox 1227 2247 1282 2312; x_wconf 89' lang='lat' dir='ltr'><strong>Sic</strong></span> <span class='ocrx_word' id='word_1_106' title='bbox 1298 2269 1373 2329; x_wconf 78' lang='lat' dir='ltr'><strong>ergo</strong></span> 
     </span>
     <span class='ocr_line' id='line_1_16' title="bbox 419 2345 1374 2429; baseline 0.001 -18"><span class='ocrx_word' id='word_1_107' title='bbox 419 2348 564 2411; x_wconf 86' lang='lat' dir='ltr'><strong>excussit</strong></span> <span class='ocrx_word' id='word_1_108' title='bbox 575 2347 738 2428; x_wconf 85' lang='lat' dir='ltr'><strong>crapulam</strong></span> <span class='ocrx_word' id='word_1_109' title='bbox 750 2345 910 2422; x_wconf 88' lang='lat' dir='ltr'><strong>oscitanti,</strong></span> <span class='ocrx_word' id='word_1_110' title='bbox 919 2357 951 2408; x_wconf 93' lang='lat' dir='ltr'><strong>et</strong></span> <span class='ocrx_word' id='word_1_111' title='bbox 964 2348 1129 2429; x_wconf 79' lang='lat' dir='ltr'><strong>praesentis</strong></span> <span class='ocrx_word' id='word_1_112' title='bbox 1144 2348 1242 2412; x_wconf 88' lang='lat' dir='ltr'><strong>animi</strong></span> <span class='ocrx_word' id='word_1_113' title='bbox 1251 2349 1374 2412; x_wconf 90' lang='lat' dir='ltr'><strong>ebrium</strong></span> 
     </span>
     <span class='ocr_line' id='line_1_17' title="bbox 419 2447 1374 2535; baseline 0 -21"><span class='ocrx_word' id='word_1_114' title='bbox 419 2451 618 2533; x_wconf 86' lang='lat' dir='ltr'><strong>resipiscere,</strong></span> <span class='ocrx_word' id='word_1_115' title='bbox 633 2467 793 2530; x_wconf 86' lang='lat' dir='ltr'><strong>causaque</strong></span> <span class='ocrx_word' id='word_1_116' title='bbox 809 2447 996 2529; x_wconf 86' lang='lat' dir='ltr'><strong>diligentius</strong></span> <span class='ocrx_word' id='word_1_117' title='bbox 1013 2450 1169 2532; x_wconf 89' lang='lat' dir='ltr'><strong>inspecta,</strong></span> <span class='ocrx_word' id='word_1_118' title='bbox 1185 2452 1291 2532; x_wconf 82' lang='lat' dir='ltr'><strong>coegit</strong></span> <span class='ocrx_word' id='word_1_119' title='bbox 1303 2450 1374 2535; x_wconf 89' lang='lat' dir='ltr'><strong>jus·</strong></span> 
     </span>
     <span class='ocr_line' id='line_1_18' title="bbox 421 2549 1375 2635; baseline -0.003 -19"><span class='ocrx_word' id='word_1_120' title='bbox 421 2552 535 2618; x_wconf 88' lang='lat' dir='ltr'><strong>tiorem</strong></span> <span class='ocrx_word' id='word_1_121' title='bbox 554 2551 635 2614; x_wconf 83' lang='lat' dir='ltr'><strong>serre</strong></span> <span class='ocrx_word' id='word_1_122' title='bbox 658 2549 857 2613; x_wconf 85' lang='lat' dir='ltr'><strong>seutentiam.</strong></span> <span class='ocrx_word' id='word_1_123' title='bbox 904 2551 1105 2632; x_wconf 89' lang='lat' dir='ltr'><strong>Syracusana</strong></span> <span class='ocrx_word' id='word_1_124' title='bbox 1127 2552 1274 2635; x_wconf 68' lang='lat' dir='ltr'><strong>quaedam</strong></span> <span class='ocrx_word' id='word_1_125' title='bbox 1297 2554 1375 2628; x_wconf 89' lang='lat' dir='ltr'><strong>sola,</strong></span> 
     </span>
     <span class='ocr_line' id='line_1_19' title="bbox 420 2649 1376 2735; baseline 0.001 -22"><span class='ocrx_word' id='word_1_126' title='bbox 420 2649 564 2735; x_wconf 87' lang='lat' dir='ltr'><strong>quotidie</strong></span> <span class='ocrx_word' id='word_1_127' title='bbox 579 2660 722 2733; x_wconf 88' lang='lat' dir='ltr'><strong>tempore</strong></span> <span class='ocrx_word' id='word_1_128' title='bbox 738 2649 906 2725; x_wconf 88' lang='lat' dir='ltr'><strong>matutino,</strong></span> <span class='ocrx_word' id='word_1_129' title='bbox 921 2650 1003 2711; x_wconf 88' lang='lat' dir='ltr'><strong>votis</strong></span> <span class='ocrx_word' id='word_1_130' title='bbox 1024 2650 1261 2733; x_wconf 89' lang='lat' dir='ltr'><strong>expetentibus,</strong></span> <span class='ocrx_word' id='word_1_131' title='bbox 1276 2672 1296 2713; x_wconf 92' lang='lat' dir='ltr'><strong>a</strong></span> <span class='ocrx_word' id='word_1_132' title='bbox 1313 2651 1376 2714; x_wconf 90' lang='lat' dir='ltr'><strong>diis</strong></span> 
     </span>
    </p>
   </div>
   <div class='ocr_carea' id='block_1_3' title="bbox 421 2748 1378 2932">
    <p class='ocr_par' dir='ltr' id='par_1_3' title="bbox 421 2748 1378 2932">
     <span class='ocr_line' id='line_1_20' title="bbox 421 2748 1378 2834; baseline -0.001 -19"><span class='ocrx_word' id='word_1_133' title='bbox 421 2753 555 2815; x_wconf 87' lang='lat' dir='ltr'><strong>salutern</strong></span> <span class='ocrx_word' id='word_1_134' title='bbox 582 2749 759 2831; x_wconf 81' lang='lat' dir='ltr'><strong>gravissimi</strong></span> <span class='ocrx_word' id='word_1_135' title='bbox 782 2761 815 2812; x_wconf 92' lang='lat' dir='ltr'><strong>et</strong></span> <span class='ocrx_word' id='word_1_136' title='bbox 840 2748 1052 2831; x_wconf 88' lang='lat' dir='ltr'><strong>importabilis</strong></span> <span class='ocrx_word' id='word_1_137' title='bbox 1076 2751 1200 2831; x_wconf 86' lang='lat' dir='ltr'><strong>tyranni</strong></span> <span class='ocrx_word' id='word_1_138' title='bbox 1225 2750 1378 2834; x_wconf 84' lang='lat' dir='ltr'><strong>Dionysii</strong></span> 
     </span>
     <span class='ocr_line' id='line_1_21' title="bbox 422 2849 1376 2932; baseline -0.002 -16"><span class='ocrx_word' id='word_1_139' title='bbox 422 2851 629 2916; x_wconf 87' lang='lat' dir='ltr'><strong>devotissime</strong></span> <span class='ocrx_word' id='word_1_140' title='bbox 659 2851 822 2915; x_wconf 81' lang='lat' dir='ltr'><strong>exorabat.</strong></span> <span class='ocrx_word' id='word_1_141' title='bbox 868 2849 965 2923; x_wconf 90' lang='lat' dir='ltr'><strong>Quod</strong></span> <span class='ocrx_word' id='word_1_142' title='bbox 995 2861 1031 2914; x_wconf 91' lang='lat' dir='ltr'><strong>ut</strong></span> <span class='ocrx_word' id='word_1_143' title='bbox 1060 2851 1088 2912; x_wconf 87' lang='lat' dir='ltr'><strong>is</strong></span> <span class='ocrx_word' id='word_1_144' title='bbox 1120 2851 1282 2932; x_wconf 82' lang='lat' dir='ltr'><strong>cognovit,</strong></span> <span class='ocrx_word' id='word_1_145' title='bbox 1310 2873 1376 2916; x_wconf 92' lang='lat' dir='ltr'><strong>non</strong></span> 
     </span>
    </p>
   </div>
   <div class='ocr_carea' id='block_1_4' title="bbox 423 2952 1384 4466">
    <p class='ocr_par' dir='ltr' id='par_1_4' title="bbox 423 2952 1384 4466">
     <span class='ocr_line' id='line_1_22' title="bbox 423 2952 1378 3033; baseline -0.001 -15"><span class='ocrx_word' id='word_1_146' title='bbox 423 2954 564 3018; x_wconf 85' lang='lat' dir='ltr'><strong>debitam</strong></span> <span class='ocrx_word' id='word_1_147' title='bbox 581 2953 644 3016; x_wconf 87' lang='lat' dir='ltr'><strong>sibi</strong></span> <span class='ocrx_word' id='word_1_148' title='bbox 660 2952 834 3016; x_wconf 88' lang='lat' dir='ltr'><strong>admiratus</strong></span> <span class='ocrx_word' id='word_1_149' title='bbox 846 2952 1112 3030; x_wconf 84' lang='lat' dir='ltr'><strong>benevolentiam,</strong></span> <span class='ocrx_word' id='word_1_150' title='bbox 1124 2952 1165 3015; x_wconf 91' lang='lat' dir='ltr'><strong>ad</strong></span> <span class='ocrx_word' id='word_1_151' title='bbox 1177 2974 1211 3015; x_wconf 85' lang='lat' dir='ltr'><strong>se</strong></span> <span class='ocrx_word' id='word_1_152' title='bbox 1223 2966 1378 3033; x_wconf 88' lang='lat' dir='ltr'><strong>vocatam,</strong></span> 
     </span>
     <span class='ocr_line' id='line_1_23' title="bbox 423 3053 1376 3138; baseline -0.001 -19"><span class='ocrx_word' id='word_1_153' title='bbox 423 3076 491 3134; x_wconf 87' lang='lat' dir='ltr'><strong>cnr,</strong></span> <span class='ocrx_word' id='word_1_154' title='bbox 517 3066 574 3119; x_wconf 88' lang='lat' dir='ltr'><strong>aut</strong></span> <span class='ocrx_word' id='word_1_155' title='bbox 599 3076 663 3138; x_wconf 92' lang='lat' dir='ltr'><strong>quo</strong></span> <span class='ocrx_word' id='word_1_156' title='bbox 692 3076 750 3118; x_wconf 90' lang='lat' dir='ltr'><strong>suo</strong></span> <span class='ocrx_word' id='word_1_157' title='bbox 780 3054 893 3118; x_wconf 89' lang='lat' dir='ltr'><strong>merito</strong></span> <span class='ocrx_word' id='word_1_158' title='bbox 919 3053 982 3116; x_wconf 91' lang='lat' dir='ltr'><strong>hoc</strong></span> <span class='ocrx_word' id='word_1_159' title='bbox 1012 3053 1140 3132; x_wconf 84' lang='lat' dir='ltr'><strong>faceret,</strong></span> <span class='ocrx_word' id='word_1_160' title='bbox 1165 3054 1376 3138; x_wconf 79' lang='lat' dir='ltr'><strong>interrogavit.</strong></span> 
     </span>
     <span class='ocr_line' id='line_1_24' title="bbox 424 3154 1377 3239; baseline -0.007 -14"><span class='ocrx_word' id='word_1_161' title='bbox 424 3158 508 3225; x_wconf 83' lang='lat' dir='ltr'><strong>Tum</strong></span> <span class='ocrx_word' id='word_1_162' title='bbox 539 3156 608 3220; x_wconf 86' lang='lat' dir='ltr'><strong>illa:</strong></span> <span class='ocrx_word' id='word_1_163' title='bbox 654 3157 750 3221; x_wconf 88' lang='lat' dir='ltr'><strong>Certa</strong></span> <span class='ocrx_word' id='word_1_164' title='bbox 779 3167 828 3219; x_wconf 90' lang='lat' dir='ltr'><strong>est</strong></span> <span class='ocrx_word' id='word_1_165' title='bbox 857 3154 948 3233; x_wconf 90' lang='lat' dir='ltr'><strong>ratio,</strong></span> <span class='ocrx_word' id='word_1_166' title='bbox 973 3155 1088 3238; x_wconf 90' lang='lat' dir='ltr'><strong>inquit,</strong></span> <span class='ocrx_word' id='word_1_167' title='bbox 1117 3155 1274 3239; x_wconf 87' lang='lat' dir='ltr'><strong>propositi</strong></span> <span class='ocrx_word' id='word_1_168' title='bbox 1302 3159 1377 3221; x_wconf 89' lang='lat' dir='ltr'><strong>mei.</strong></span> 
     </span>
     <span class='ocr_line' id='line_1_25' title="bbox 424 3257 1377 3343; baseline -0.001 -20"><span class='ocrx_word' id='word_1_169' title='bbox 424 3260 541 3324; x_wconf 89' lang='lat' dir='ltr'><strong>Puella</strong></span> <span class='ocrx_word' id='word_1_170' title='bbox 559 3258 645 3322; x_wconf 90' lang='lat' dir='ltr'><strong>enim</strong></span> <span class='ocrx_word' id='word_1_171' title='bbox 661 3281 762 3343; x_wconf 92' lang='lat' dir='ltr'><strong>quum</strong></span> <span class='ocrx_word' id='word_1_172' title='bbox 778 3279 906 3341; x_wconf 81' lang='lat' dir='ltr'><strong>gravem</strong></span> <span class='ocrx_word' id='word_1_173' title='bbox 922 3268 1090 3339; x_wconf 92' lang='lat' dir='ltr'><strong>tyrannum</strong></span> <span class='ocrx_word' id='word_1_174' title='bbox 1106 3257 1306 3336; x_wconf 86' lang='lat' dir='ltr'><strong>haberemus,</strong></span> <span class='ocrx_word' id='word_1_175' title='bbox 1326 3280 1377 3322; x_wconf 91' lang='lat' dir='ltr'><strong>ca·</strong></span> 
     </span>
     <span class='ocr_line' id='line_1_26' title="bbox 424 3357 1380 3445; baseline -0.004 -19"><span class='ocrx_word' id='word_1_176' title='bbox 424 3383 494 3426; x_wconf 91' lang='lat' dir='ltr'><strong>rere</strong></span> <span class='ocrx_word' id='word_1_177' title='bbox 510 3383 550 3426; x_wconf 93' lang='lat' dir='ltr'><strong>eo</strong></span> <span class='ocrx_word' id='word_1_178' title='bbox 570 3362 750 3445; x_wconf 89' lang='lat' dir='ltr'><strong>cupiebam.</strong></span> <span class='ocrx_word' id='word_1_179' title='bbox 797 3360 870 3433; x_wconf 90' lang='lat' dir='ltr'><strong>Quo</strong></span> <span class='ocrx_word' id='word_1_180' title='bbox 891 3357 1067 3432; x_wconf 85' lang='lat' dir='ltr'><strong>interfecto,</strong></span> <span class='ocrx_word' id='word_1_181' title='bbox 1083 3358 1248 3442; x_wconf 89' lang='lat' dir='ltr'><strong>aliquanto</strong></span> <span class='ocrx_word' id='word_1_182' title='bbox 1271 3359 1380 3422; x_wconf 91' lang='lat' dir='ltr'><strong>tetrior</strong></span> 
     </span>
     <span class='ocr_line' id='line_1_27' title="bbox 426 3459 1380 3547; baseline -0.004 -19"><span class='ocrx_word' id='word_1_183' title='bbox 426 3484 531 3528; x_wconf 87' lang='lat' dir='ltr'><strong>arcem</strong></span> <span class='ocrx_word' id='word_1_184' title='bbox 553 3463 740 3547; x_wconf 89' lang='lat' dir='ltr'><strong>occupavit:</strong></span> <span class='ocrx_word' id='word_1_185' title='bbox 767 3462 837 3546; x_wconf 87' lang='lat' dir='ltr'><strong>ejus</strong></span> <span class='ocrx_word' id='word_1_186' title='bbox 859 3480 988 3545; x_wconf 87' lang='lat' dir='ltr'><strong>quoque</strong></span> <span class='ocrx_word' id='word_1_187' title='bbox 1010 3459 1095 3522; x_wconf 89' lang='lat' dir='ltr'><strong>finiri</strong></span> <span class='ocrx_word' id='word_1_188' title='bbox 1117 3459 1380 3539; x_wconf 89' lang='lat' dir='ltr'><strong>dominationem,</strong></span> 
     </span>
     <span class='ocr_line' id='line_1_28' title="bbox 425 3562 1379 3648; baseline -0.006 -18"><span class='ocrx_word' id='word_1_189' title='bbox 425 3566 537 3647; x_wconf 83' lang='lat' dir='ltr'><strong>magni</strong></span> <span class='ocrx_word' id='word_1_190' title='bbox 551 3564 758 3629; x_wconf 70' lang='lat' dir='ltr'><strong>aestimabam.</strong></span> <span class='ocrx_word' id='word_1_191' title='bbox 803 3562 946 3625; x_wconf 88' lang='lat' dir='ltr'><strong>Tertium</strong></span> <span class='ocrx_word' id='word_1_192' title='bbox 969 3571 1010 3639; x_wconf 90' lang='lat' dir='ltr'><strong>te,</strong></span> <span class='ocrx_word' id='word_1_193' title='bbox 1025 3562 1243 3645; x_wconf 88' lang='lat' dir='ltr'><strong>superioribus</strong></span> <span class='ocrx_word' id='word_1_194' title='bbox 1261 3562 1379 3648; x_wconf 68' lang='lat' dir='ltr'><strong>impos</strong></span> 
     </span>
     <span class='ocr_line' id='line_1_29' title="bbox 426 3664 1380 3752; baseline -0.001 -21"><span class='ocrx_word' id='word_1_195' title='bbox 426 3668 595 3742; x_wconf 88' lang='lat' dir='ltr'><strong>tuniorem,</strong></span> <span class='ocrx_word' id='word_1_196' title='bbox 611 3666 768 3751; x_wconf 87' lang='lat' dir='ltr'><strong>coepimus</strong></span> <span class='ocrx_word' id='word_1_197' title='bbox 782 3665 899 3728; x_wconf 87' lang='lat' dir='ltr'><strong>habere</strong></span> <span class='ocrx_word' id='word_1_198' title='bbox 914 3673 1080 3727; x_wconf 90' lang='lat' dir='ltr'><strong>rectorem.</strong></span> <span class='ocrx_word' id='word_1_199' title='bbox 1124 3664 1257 3730; x_wconf 86' lang='lat' dir='ltr'><strong>Timens</strong></span> <span class='ocrx_word' id='word_1_200' title='bbox 1271 3666 1380 3752; x_wconf 88' lang='lat' dir='ltr'><strong>itaqua</strong></span> 
     </span>
     <span class='ocr_line' id='line_1_30' title="bbox 427 3767 1380 3844; baseline -0.002 -10"><span class='ocrx_word' id='word_1_201' title='bbox 427 3792 469 3835; x_wconf 91' lang='lat' dir='ltr'><strong>na</strong></span> <span class='ocrx_word' id='word_1_202' title='bbox 488 3770 568 3834; x_wconf 87' lang='lat' dir='ltr'><strong>siet</strong></span> <span class='ocrx_word' id='word_1_203' title='bbox 587 3779 622 3833; x_wconf 90' lang='lat' dir='ltr'><strong>tu</strong></span> <span class='ocrx_word' id='word_1_204' title='bbox 641 3780 801 3832; x_wconf 86' lang='lat' dir='ltr'><strong>assumtus</strong></span> <span class='ocrx_word' id='word_1_205' title='bbox 823 3767 930 3844; x_wconf 86' lang='lat' dir='ltr'><strong>fueris,</strong></span> <span class='ocrx_word' id='word_1_206' title='bbox 950 3768 1046 3830; x_wconf 90' lang='lat' dir='ltr'><strong>etiam</strong></span> <span class='ocrx_word' id='word_1_207' title='bbox 1070 3767 1128 3830; x_wconf 90' lang='lat' dir='ltr'><strong>tibi</strong></span> <span class='ocrx_word' id='word_1_208' title='bbox 1152 3768 1305 3832; x_wconf 87' lang='lat' dir='ltr'><strong>succedat</strong></span> <span class='ocrx_word' id='word_1_209' title='bbox 1325 3768 1380 3832; x_wconf 89' lang='lat' dir='ltr'><strong>de·</strong></span> 
     </span>
     <span class='ocr_line' id='line_1_31' title="bbox 428 3870 1382 3956; baseline -0.004 -19"><span class='ocrx_word' id='word_1_210' title='bbox 428 3873 535 3950; x_wconf 89' lang='lat' dir='ltr'><strong>terior,</strong></span> <span class='ocrx_word' id='word_1_211' title='bbox 557 3883 655 3956; x_wconf 89' lang='lat' dir='ltr'><strong>caput</strong></span> <span class='ocrx_word' id='word_1_212' title='bbox 681 3892 787 3934; x_wconf 91' lang='lat' dir='ltr'><strong>meum</strong></span> <span class='ocrx_word' id='word_1_213' title='bbox 813 3891 871 3953; x_wconf 93' lang='lat' dir='ltr'><strong>pro</strong></span> <span class='ocrx_word' id='word_1_214' title='bbox 896 3870 998 3933; x_wconf 91' lang='lat' dir='ltr'><strong>salute</strong></span> <span class='ocrx_word' id='word_1_215' title='bbox 1024 3881 1079 3933; x_wconf 89' lang='lat' dir='ltr'><strong>tua</strong></span> <span class='ocrx_word' id='word_1_216' title='bbox 1104 3870 1255 3934; x_wconf 84' lang='lat' dir='ltr'><strong>devoveo.</strong></span> <span class='ocrx_word' id='word_1_217' title='bbox 1299 3872 1382 3933; x_wconf 89' lang='lat' dir='ltr'><strong>Tam</strong></span> 
     </span>
     <span class='ocr_line' id='line_1_32' title="bbox 430 3971 1381 4055; baseline -0.005 -17"><span class='ocrx_word' id='word_1_218' title='bbox 430 3975 567 4038; x_wconf 81' lang='lat' dir='ltr'><strong>facetam</strong></span> <span class='ocrx_word' id='word_1_219' title='bbox 589 3973 758 4037; x_wconf 89' lang='lat' dir='ltr'><strong>audaciam</strong></span> <span class='ocrx_word' id='word_1_220' title='bbox 780 3971 966 4055; x_wconf 90' lang='lat' dir='ltr'><strong>Dionysius,</strong></span> <span class='ocrx_word' id='word_1_221' title='bbox 989 3971 1050 4034; x_wconf 85' lang='lat' dir='ltr'><strong>etsi</strong></span> <span class='ocrx_word' id='word_1_222' title='bbox 1070 3972 1256 4051; x_wconf 87' lang='lat' dir='ltr'><strong>teterrimus,</strong></span> <span class='ocrx_word' id='word_1_223' title='bbox 1276 3982 1381 4035; x_wconf 87' lang='lat' dir='ltr'><strong>tamen</strong></span> 
     </span>
     <span class='ocr_line' id='line_1_33' title="bbox 429 4072 1382 4160; baseline -0.008 -20"><span class='ocrx_word' id='word_1_224' title='bbox 429 4078 541 4160; x_wconf 89' lang='lat' dir='ltr'><strong>punire</strong></span> <span class='ocrx_word' id='word_1_225' title='bbox 567 4075 703 4139; x_wconf 87' lang='lat' dir='ltr'><strong>erubuit.</strong></span> <span class='ocrx_word' id='word_1_226' title='bbox 749 4074 836 4146; x_wconf 87' lang='lat' dir='ltr'><strong>Quid</strong></span> <span class='ocrx_word' id='word_1_227' title='bbox 859 4074 943 4136; x_wconf 89' lang='lat' dir='ltr'><strong>enim</strong></span> <span class='ocrx_word' id='word_1_228' title='bbox 968 4094 1114 4138; x_wconf 87' lang='lat' dir='ltr'><strong>securum</strong></span> <span class='ocrx_word' id='word_1_229' title='bbox 1139 4074 1208 4148; x_wconf 88' lang='lat' dir='ltr'><strong>erit,</strong></span> <span class='ocrx_word' id='word_1_230' title='bbox 1233 4073 1260 4135; x_wconf 90' lang='lat' dir='ltr'><strong>si</strong></span> <span class='ocrx_word' id='word_1_231' title='bbox 1285 4072 1382 4133; x_wconf 90' lang='lat' dir='ltr'><strong>etiam</strong></span> 
     </span>
     <span class='ocr_line' id='line_1_34' title="bbox 430 4171 1383 4260; baseline -0.008 -20"><span class='ocrx_word' id='word_1_232' title='bbox 430 4179 576 4256; x_wconf 86' lang='lat' dir='ltr'><strong>virtutes,</strong></span> <span class='ocrx_word' id='word_1_233' title='bbox 597 4177 680 4240; x_wconf 86' lang='lat' dir='ltr'><strong>inter</strong></span> <span class='ocrx_word' id='word_1_234' title='bbox 701 4197 781 4260; x_wconf 88' lang='lat' dir='ltr'><strong>quas</strong></span> <span class='ocrx_word' id='word_1_235' title='bbox 804 4175 1004 4260; x_wconf 88' lang='lat' dir='ltr'><strong>praecipuum</strong></span> <span class='ocrx_word' id='word_1_236' title='bbox 1029 4174 1095 4237; x_wconf 83' lang='lat' dir='ltr'><strong>fere</strong></span> <span class='ocrx_word' id='word_1_237' title='bbox 1121 4174 1227 4236; x_wconf 90' lang='lat' dir='ltr'><strong>locum</strong></span> <span class='ocrx_word' id='word_1_238' title='bbox 1251 4171 1383 4233; x_wconf 84' lang='lat' dir='ltr'><strong>libertas</strong></span> 
     </span>
     <span class='ocr_line' id='line_1_35' title="bbox 430 4270 1382 4367; baseline -0.009 -25"><span class='ocrx_word' id='word_1_239' title='bbox 430 4280 564 4353; x_wconf 84' lang='lat' dir='ltr'><strong>obtinet,</strong></span> <span class='ocrx_word' id='word_1_240' title='bbox 586 4274 783 4362; x_wconf 83' lang='lat' dir='ltr'><strong>puniuntur?</strong></span> <span class='ocrx_word' id='word_1_241' title='bbox 831 4273 969 4339; x_wconf 85' lang='lat' dir='ltr'><strong>Romani</strong></span> <span class='ocrx_word' id='word_1_242' title='bbox 994 4296 1080 4367; x_wconf 70' lang='lat' dir='ltr'><strong>ergo,</strong></span> <span class='ocrx_word' id='word_1_243' title='bbox 1103 4274 1187 4336; x_wconf 88' lang='lat' dir='ltr'><strong>sicut</strong></span> <span class='ocrx_word' id='word_1_244' title='bbox 1208 4270 1278 4333; x_wconf 87' lang='lat' dir='ltr'><strong>aliia</strong></span> <span class='ocrx_word' id='word_1_245' title='bbox 1302 4292 1382 4354; x_wconf 76' lang='lat' dir='ltr'><strong>praa·</strong></span> 
     </span>
     <span class='ocr_line' id='line_1_36' title="bbox 430 4371 1384 4466; baseline -0.012 -20"><span class='ocrx_word' id='word_1_246' title='bbox 430 4382 607 4459; x_wconf 68' lang='lat' dir='ltr'><strong>ampliores,</strong></span> <span class='ocrx_word' id='word_1_247' title='bbox 637 4379 683 4466; x_wconf 84' lang='lat' dir='ltr'><strong>ita</strong></span> <span class='ocrx_word' id='word_1_248' title='bbox 711 4390 743 4443; x_wconf 93' lang='lat' dir='ltr'><strong>et</strong></span> <span class='ocrx_word' id='word_1_249' title='bbox 773 4377 1037 4464; x_wconf 67' lang='lat' dir='ltr'><strong>reprehensionis</strong></span> <span class='ocrx_word' id='word_1_250' title='bbox 1067 4371 1273 4456; x_wconf 86' lang='lat' dir='ltr'><strong>patientiores</strong></span> <span class='ocrx_word' id='word_1_251' title='bbox 1302 4373 1384 4449; x_wconf 81' lang='lat' dir='ltr'><strong>exti-</strong></span> 
     </span>
    </p>
   </div>
   <div class='ocr_carea' id='block_1_5' title="bbox 0 0 1805 5467">
    <p class='ocr_par' dir='ltr' id='par_1_5' title="bbox 0 0 1805 5467">
     <span class='ocr_line' id='line_1_37' title="bbox 0 0 1805 5467; baseline 0 0"><span class='ocrx_word' id='word_1_252' title='bbox 0 0 1805 5467; x_wconf 95' lang='lat' dir='ltr'><strong> </strong></span> 
     </span>
    </p>
   </div>
  </div>
 </body>
</html>
