3550 5467
405 743 479 789 car.
494 724 584 804 arn]
762 738 1013 785 coarcaarrcus.
1295 721 1356 784 831
1420 768 1423 775 .

406 891 613 979 apoplexiam
643 901 769 966 vocant,
792 888 967 953 suffocatus
995 884 1126 951 interiit.
1170 887 1286 970 quue
1307 885 1363 951 de·

407 993 534 1069 iuncto,
563 992 661 1054 irater
691 989 778 1053 solus
807 987 992 1074 reipublicae
1021 984 1165 1072 praefuit,
1187 984 1237 1051 vir
1265 1008 1363 1073 quem

408 1093 562 1158 admirari
576 1113 673 1178 quam
688 1089 831 1168 laudare,
845 1088 872 1152 si
893 1087 1054 1173 Eutropio
1072 1086 1226 1165 creditur,
1240 1086 1365 1152 facilius

410 1205 469 1258 est.
515 1196 544 1256 A
560 1188 717 1277 principio
730 1189 804 1254 vitae
819 1186 1015 1273 tranquillus
1024 1200 1055 1252 et
1067 1201 1225 1266 constans,
1237 1189 1317 1253 adeo
1329 1201 1366 1254 ut

411 1293 453 1357 ab
467 1291 608 1357 infantia
621 1291 747 1355 vultum
759 1312 817 1354 nec
828 1290 959 1375 gaudio,
971 1310 1027 1352 nec
1042 1309 1176 1353 moerore
1186 1289 1372 1370 mutaverit,
1414 1373 1416 1376 Ι
1445 1280 1447 1285 ’

410 1392 647 1480 philosophiam
684 1392 815 1457 edoctus
845 1391 993 1469 stoicem,
1022 1390 1115 1475 eique
1137 1389 1277 1469 deditus,
1300 1394 1367 1456 vita

413 1494 535 1581 pariter
549 1506 582 1559 et
597 1493 776 1559 eruditione
791 1491 1012 1580 philosophus.
1059 1488 1234 1557 Institutus
1255 1506 1303 1557 est
1325 1492 1367 1557 ad

414 1594 648 1682 philosophiam
661 1617 718 1680 per
729 1594 938 1680 Apollonium
951 1592 1212 1670 chalcedonium,
1222 1595 1262 1660 ad
1273 1595 1371 1661 scien-

415 1695 491 1760 tiam
502 1696 667 1760 literarum
681 1697 866 1760 Graecsrunr
879 1718 937 1781 per
950 1695 1192 1760 Chaeronensem
1205 1694 1371 1761 Plutarchi

415 1810 575 1883 nepotem.
620 1797 752 1864 latinas
777 1811 884 1862 autem
908 1819 981 1861 eum
1009 1798 1131 1862 Fronto
1156 1797 1371 1864 nobilissimus

415 1911 525 1964 orator
546 1898 668 1977 docuit,
691 1910 725 1966 et
739 1920 797 1985 pro
811 1897 1016 1984 quorundam
1031 1898 1189 1985 opinione,
1207 1898 1372 1965 Plutarchi

416 2023 526 2087 nepos.
573 2001 663 2065 Inter
685 2013 801 2066 crotera
823 1999 945 2065 bellum
966 1999 1075 2085 gessit,
1090 2000 1180 2085 quod
1202 2022 1269 2085 prae
1284 2023 1375 2086 mag·

419 2101 567 2168 nitudine
579 2103 709 2169 Punicis
724 2103 860 2166 conferri
869 2115 984 2187 potest.
1028 2106 1075 2167 Et
1089 2102 1162 2167 licet
1178 2103 1381 2170 orationibus·

420 2202 560 2269 militum
576 2202 845 2279 Christianorum,
869 2203 952 2266 sicut
966 2202 1050 2266 idem
1076 2203 1255 2289 Imperator
1277 2203 1377 2270 literis

420 2303 487 2368 suis
501 2301 622 2368 dicitur
636 2316 814 2380 attestatus,
830 2325 946 2385 magna
964 2301 1048 2369 bella
1067 2303 1247 2380 confecerit,
1269 2305 1378 2390 gravis

420 2424 532 2468 eorum
549 2404 668 2467 exarsit
683 2405 871 2490 persecutio,
882 2403 1040 2490 multique
1055 2405 1245 2469 Sanctorum
1257 2420 1378 2491 marty·

420 2527 492 2568 rum
509 2504 652 2569 coronati
672 2518 756 2571 sunt.
802 2506 969 2570 Postremo
990 2504 1093 2568 Lucio
1109 2505 1289 2570 Commodo
1310 2505 1379 2570 filio

422 2628 481 2670 suo
510 2604 545 2668 in
574 2628 707 2690 regnum
729 2618 904 2692 assumpto,
928 2608 960 2670 in
985 2603 1151 2667 Pannonia
1171 2604 1379 2680 constitutus,

422 2703 589 2790 repentino
612 2704 724 2770 morbo
745 2705 876 2770 interiit.
923 2703 1047 2768 Lucius
1075 2701 1255 2767 Antoninus
1285 2705 1381 2769 Com·

424 2805 541 2871 modus
555 2806 690 2892 quintus
704 2806 846 2871 decimus
865 2805 906 2870 ab
923 2807 1087 2889 Augusto,
1106 2826 1164 2890 per
1185 2804 1291 2869 omnis
1310 2826 1384 2870 cru-

425 2905 580 2984 delitatis,
593 2905 738 2985 luxuriae,
746 2921 778 2973 et
787 2906 1166 2972 obscoenitatisdedeoora
1176 2905 1383 2992 depravatus,

426 3008 629 3093 gladiatoriis
639 3031 770 3095 quoque
785 3011 881 3073 armis
894 3009 1063 3093 saepissime
1079 3007 1287 3094 depugnavit,
1301 3020 1334 3074 et
1348 3010 1384 3074 in

426 3107 665 3195 amphitheatro
676 3109 752 3173 feris
767 3133 833 3174 sese
847 3110 1032 3197 frequenter
1043 3108 1171 3195 objecit.
1217 3109 1384 3175 Interiecit

429 3209 525 3275 etiam
542 3209 697 3296 plurimos
719 3214 900 3289 Senatores,
922 3211 1060 3276 maxime
1076 3232 1155 3296 quos
1176 3209 1313 3276 advertit
1329 3233 1386 3276 no·

428 3309 554 3376 bilitate
569 3309 791 3397 industriaque
814 3311 978 3376 excellere.
1024 3310 1164 3396 Flagitis
1187 3310 1270 3396 regis
1290 3333 1388 3397 poena

432 3410 521 3475 urbis
536 3409 735 3495 insequitur:
760 3433 832 3475 nam
856 3410 989 3475 fulmine
1006 3409 1200 3494 Capitolium
1216 3411 1330 3486 ictum,
1346 3433 1386 3478 ex

432 3533 498 3598 quo
508 3510 595 3576 iacta
610 3514 793 3594 flammatio,
804 3512 1027 3577 bibliothecam
1040 3510 1125 3574 illam
1141 3512 1298 3598 majorum
1310 3535 1389 3580 cura

434 3614 607 3701 studioque
636 3616 854 3701 compositam,
884 3614 1034 3701 aedesque
1067 3612 1145 3678 alias
1174 3614 1273 3700 juxta
1301 3617 1391 3698 sitas,

434 3715 541 3802 rapaci
571 3715 700 3781 turbine
726 3721 950 3782 concremavit.
996 3717 1115 3780 Fertur
1144 3726 1251 3785 tamen
1276 3717 1391 3783 &atus

436 3816 612 3902 Gregorius
641 3816 865 3883 bibliothecam
895 3815 1103 3882 combussisse
1131 3819 1294 3902 gentilem,
1324 3840 1393 3904 quo

436 3918 553 3984 dirinae
569 3919 695 4004 paginae
709 3919 829 4004 gratior
843 3932 925 3985 esset
940 3919 1039 3996 locus,
1054 3931 1085 3983 et
1096 3920 1197 4004 major
1208 3918 1391 3995 auctoritas,

438 4031 469 4085 et
483 4019 654 4106 diligentia
668 4020 847 4086 studiosior.
896 4021 957 4086 Sed
969 4020 1037 4084 hoec
1050 4019 1111 4084 sibi
1123 4038 1326 4104 nequaquam
1336 4016 1394 4081 ob·

441 4121 538 4199 viant,
567 4144 668 4208 quum
690 4122 823 4187 diversis
838 4122 1035 4209 temporibus
1051 4119 1214 4206 potuerint
1235 4115 1394 4184 accidisse.

444 4222 641 4288 Commodus
655 4236 774 4302 sutem,
790 4222 911 4288 cunctis
926 4220 1155 4298 incommodus,
1169 4218 1201 4282 in
1216 4218 1311 4283 domo
1321 4217 1396 4284 ves-

442 4323 543 4391 tiliani
566 4325 785 4410 strangulatus
807 4337 866 4404 est,
888 4323 980 4387 vivus
1002 4334 1108 4386 sutem
1133 4318 1232 4384 hostis
1261 4317 1392 4385 humani
