3550 5467
434 726 494 787 180
694 744 832 789 Josnnrs
847 730 1128 789 sanssnamarsrs
1232 724 1315 804 [un.
1332 747 1385 790 ru,

431 893 572 968 susionis,
602 895 733 978 quando
763 917 818 979 per
847 893 1063 958 admirabilem
1095 894 1298 959 clementiam
1330 896 1384 959 Dei

431 994 531 1058 virtus
545 996 615 1079 ejus
634 994 751 1058 clarius
770 994 947 1058 innotescit.
994 994 1056 1058 Sed
1075 1008 1154 1060 tunc
1174 997 1384 1082 imprudentis

429 1110 477 1159 est
492 1095 664 1172 exsultare,
679 1096 799 1181 quiahi
815 1119 876 1159 non
891 1095 985 1159 modo
1000 1097 1139 1182 suspecti
1153 1097 1294 1163 habendi
1305 1111 1383 1177 sunt,

429 1196 482 1259 scd
499 1200 589 1282 quasi
613 1197 718 1259 hostes
734 1196 987 1282 perniciosissimi
1009 1197 1187 1263 studiosius
1210 1199 1382 1279 devitandi,

429 1298 507 1385 quia
522 1298 654 1363 timendi
667 1313 741 1363 sunt
757 1299 852 1362 etiam
866 1323 968 1384 quum
980 1299 1064 1363 dona
1075 1300 1196 1366 ferunt.
1236 1301 1302 1377 Qui
1312 1328 1382 1389 ergo

428 1411 568 1462 aromata
584 1400 738 1463 bonorum
760 1421 904 1484 operum,
921 1399 1049 1464 virtutis
1063 1423 1193 1477 aurum,
1215 1419 1378 1488 argentum

427 1501 629 1587 eloquentiae,
644 1501 873 1585 cogitationum
891 1502 1064 1588 pigmenta,
1084 1518 1252 1586 unguenta
1266 1505 1378 1569 miseri·

428 1605 555 1681 cordiae,
577 1619 609 1669 et
641 1603 822 1670 utensilium
846 1627 977 1668 suorum
1001 1605 1222 1689 aptitudinem
1245 1621 1377 1672 ostentat

428 1719 460 1771 et
482 1707 638 1782 decorem,
661 1706 732 1772 etsi
755 1729 821 1791 qua
842 1707 874 1770 in
893 1706 1050 1772 thesauris
1073 1707 1166 1772 bonae
1181 1710 1377 1777 conscientie

427 1810 552 1874 cautius
566 1824 597 1874 et
612 1809 721 1874 utilius
737 1823 948 1895 reponuntur,
963 1808 1073 1874 audiat
1090 1812 1226 1876 verbum
1240 1811 1377 1890 Domini,

428 1913 571 1998 sciatque
582 1936 641 1998 pro
652 1912 1031 1997 certo,quiaomnisquae
1041 1911 1180 1976 militare
1189 1913 1377 1979 videbantur

426 2011 466 2075 ad
488 2013 633 2095 gloriam,
655 2014 847 2078 confusionis
862 2012 1067 2099 stipendium,
1089 2026 1122 2078 et
1138 2015 1253 2080 mortis
1272 2039 1375 2101 accep

425 2126 499 2177 tura
514 2128 599 2178 sunt.
648 2119 787 2199 Ipsaque
801 2117 896 2179 etiam
919 2113 1055 2178 fitiorum
1080 2116 1251 2191 successio,
1276 2117 1375 2203 Baby·

424 2213 579 2278 laniorum
590 2229 748 2279 castratur
759 2215 907 2301 principi,
919 2216 997 2301 quia
1007 2239 1045 2279 ea
1056 2238 1131 2300 quae
1142 2215 1221 2280 alias
1233 2218 1374 2283 meritum

423 2317 551 2381 virtutis
575 2317 693 2380 habent
713 2332 746 2382 et
763 2318 917 2394 fructum,
934 2317 1012 2381 dum
1033 2316 1136 2381 inanis
1154 2317 1267 2403 gloriae
1286 2343 1376 2384 causa

424 2420 517 2496 fiunt,
533 2419 659 2484 inutilia
673 2432 748 2484 suut
761 2420 893 2483 auctori.
924 2421 947 2481 J
951 2431 1041 2483 uatus
1051 2419 1136 2483 enim
1150 2437 1374 2503 remunerator,

424 2521 608 2608 hypocritas
623 2526 757 2609 spernit,
772 2535 805 2586 et
820 2521 919 2585 solius
941 2520 1084 2585 veritatis
1098 2521 1131 2586 in
1153 2522 1240 2588 bono
1254 2524 1372 2590 cultum

424 2638 579 2711 acceptat,
601 2626 694 2711 cujus
716 2623 799 2688 oculi
823 2622 912 2687 nuiio
934 2623 1020 2697 suoo,
1043 2622 1133 2687 nulla
1156 2625 1279 2690 malitia
1300 2650 1375 2713 pns-

422 2727 535 2812 stringi
552 2742 695 2813 possunt,
708 2727 786 2812 quia
802 2724 889 2790 videt
904 2726 936 2788 iu
950 2722 1079 2802 abditis,
1095 2738 1128 2790 et
1144 2728 1290 2792 cordium
1307 2752 1374 2816 pro-

423 2830 523 2894 funda
538 2844 709 2896 scrutatur.
755 2827 881 2916 Species
897 2827 1047 2891 discernit
1063 2851 1083 2892 a
1096 2829 1207 2909 rebus,

596 2949 624 3001 N
626 2966 693 3017 equa
704 2948 752 3000 sub
764 2951 845 2999 serato
856 2943 1011 2996 mendosum
1023 2945 1120 2997 tinniat
1132 2963 1205 2998 auro.

423 3052 519 3114 Unde
548 3067 579 3116 et
608 3048 810 3136 Hyprocrisis
839 3068 952 3109 nomen
979 3049 1114 3131 accepit,
1141 3072 1217 3133 quae
1246 3051 1368 3138 quidem

422 3154 655 3238 Epicureorum
672 3150 852 3216 indubitata
867 3146 987 3232 species
1000 3161 1059 3211 cst.

423 3325 502 3409 Cap.
519 3332 571 3389 28.
598 3326 692 3393 Quod
736 3322 992 3394 carthusiana,
1029 3321 1108 3382 dum
1148 3324 1370 3388 moderationis

464 3427 598 3488 habenis
638 3426 811 3485 avaritiam
852 3422 1006 3492 anteibant,
1042 3428 1073 3484 et
1111 3427 1225 3506 maqm'
1261 3427 1370 3489 montis

462 3547 545 3588 noan
560 3528 679 3605 reliyr'a
696 3526 773 3585 dum
788 3526 897 3586 onmia
921 3524 1092 3584 mundana
1114 3531 1329 3604 contemnens,
1342 3533 1369 3588 at

463 3627 503 3686 de
517 3629 656 3686 crastino
676 3645 740 3687 non
756 3627 903 3704 cogitaras
918 3626 1044 3706 repellit
1062 3627 1182 3699 omnia,
1199 3630 1368 3690 avaritiam

461 3727 614 3800 caeleate,
631 3727 670 3788 ab
687 3726 942 3808 Hypoen'tamm
963 3735 1040 3788 nota
1056 3733 1088 3789 et
1101 3730 1232 3790 nomine
1246 3730 1369 3810 longius

461 3831 592 3892 abactor:
609 3838 640 3893 et
654 3833 711 3912 qui
725 3837 803 3892 arent
816 3831 978 3892 secatam
992 3835 1053 3889 aut
1066 3830 1227 3908 religiosi:
1249 3840 1281 3893 a!
1295 3850 1366 3912 qua

462 3934 585 4013 regalia
608 3936 796 4004 activorum,
819 3940 849 3995 et
865 3949 943 4011 quae
963 3935 1158 3992 ociosorum:
1181 3938 1213 3993 et
1234 3935 1306 4013 quir
1328 3934 1368 3995 rr't

448 4037 535 4118 finis
553 4036 770 4119 Hypoorr'seos.

460 4157 730 4219 Hrrocnnrnan
751 4165 856 4215 autem
874 4171 986 4212 nomen
1002 4161 1034 4210 et
1059 4161 1165 4212 notam
1187 4147 1365 4214 cautissime

414 4254 800 4323 et'fidelissimedeclinant
809 4250 1060 4328 Carthusienses,
1071 4263 1102 4313 et
1118 4251 1233 4335 Magni
1247 4251 1364 4318 Montis

415 4383 495 4422 nova
512 4357 674 4443 professio,
690 4356 721 4417 in
737 4355 877 4438 antiquoe
894 4353 1023 4416 virtutis
1043 4355 1191 4426 culmina,
1210 4353 1363 4420 salvatore
