3550 5467
408 739 472 796 960
643 743 779 791 ioannis
795 744 1077 789 sanusunmansrs
1196 725 1277 804 [un.
1291 741 1351 788 vnt.

411 904 510 968 tiones
531 921 640 962 rursus
659 895 868 983 capessendas
888 895 956 959 lieri
974 894 1158 970 habiliores,
1174 910 1208 960 et
1228 894 1317 959 simul
1334 896 1353 958 si

411 1004 466 1090 qui
478 1002 607 1088 penitus
621 1004 652 1065 in
669 1000 718 1063 his
733 999 936 1062 affectionum
949 997 1234 1084 cupiditatumque
1248 1021 1356 1061 errores

411 1107 557 1180 inessent,
573 1124 652 1188 quos
671 1102 788 1165 celaret
808 1098 886 1162 alios
907 1099 1011 1185 pudor
1033 1122 1193 1180 reverens,
1208 1123 1250 1164 ea
1263 1101 1356 1163 omnia

410 1209 477 1270 sine
491 1205 581 1289 gravi
597 1202 741 1290 periculo
757 1202 903 1266 libertate
918 1224 974 1287 per
990 1202 1101 1265 vinum
1117 1201 1196 1266 data
1210 1202 1324 1287 detegi,
1331 1215 1357 1265 et

411 1307 451 1372 ad
481 1304 704 1391 corrigendum
736 1303 992 1389 medendumque
1022 1304 1090 1366 lieri
1127 1308 1357 1390 opportuniora.

413 1415 525 1496 Atque
540 1409 599 1472 hoc
616 1408 708 1472 Plato
723 1406 839 1471 ibidem
856 1405 948 1470 dicit:
979 1410 1051 1470 Non
1067 1406 1286 1490 diffugiendas
1300 1430 1359 1470 esse

412 1505 633 1592 hujuscemodi
657 1503 897 1568 exercitationes
919 1502 1072 1567 adversus
1095 1504 1163 1566 vini
1189 1504 1357 1569 violentiam

413 1608 675 1696 propulsandam.
720 1610 832 1692 Neque
857 1604 958 1669 ullum
984 1628 1126 1689 uuquam
1154 1610 1357 1671 continentem

413 1733 554 1797 prorsus,
574 1723 630 1773 aut
651 1720 875 1792 temperantem
902 1709 979 1770 satis
1003 1706 1144 1771 fideliter
1165 1708 1269 1773 visum
1288 1732 1359 1784 esse,

411 1815 463 1878 cui
486 1813 553 1877 vita
574 1833 635 1874 nou
658 1810 740 1873 inter
763 1809 832 1895 ipsa
853 1830 992 1872 errorum
1019 1809 1172 1895 pericula.
1195 1824 1228 1875 et
1252 1811 1283 1875 in
1303 1833 1360 1874 nte·

409 1917 474 1979 diis
505 1914 703 2000 voluptatum
736 1912 889 1975 illecebris
911 1911 1077 1996 explorata
1103 1913 1154 1976 sit.
1204 1917 1289 1979 Nam
1314 1915 1360 1978 cui

412 2016 548 2092 licentia,
586 2016 763 2099 gratiaeque
795 2036 903 2077 omnes
942 2013 1157 2079 conviviorum
1196 2017 1359 2101 incognita

412 2131 497 2190 sunt,
528 2116 650 2200 quique
687 2115 812 2178 illarum
848 2115 977 2178 omnino
1008 2134 1124 2200 expers
1153 2117 1208 2192 sit,
1238 2121 1264 2182 si
1297 2139 1360 2182 eun

410 2218 493 2281 sorte
530 2217 569 2279 ad
609 2216 846 2302 participandas
881 2216 1064 2302 hujusmodi
1096 2217 1281 2305 voluptates
1313 2232 1361 2282 aut

413 2318 560 2383 voluntas
584 2316 705 2394 tulerit,
728 2331 785 2380 aut
810 2341 903 2381 casus
926 2317 1101 2397 induxerit,
1120 2332 1180 2383 aut
1202 2320 1362 2384 necessitas

411 2419 586 2508 impulerit,
605 2441 679 2483 mox
702 2418 840 2496 deliniri,
856 2435 889 2483 et
912 2420 992 2506 capi,
1012 2443 1117 2506 neque
1139 2436 1279 2487 mentem
1302 2424 1363 2508 ejus

412 2525 618 2607 animumque
647 2523 827 2585 consistere.
881 2521 1162 2605 Congrediendum
1196 2525 1310 2608 igitur,
1336 2539 1363 2589 et

410 2640 565 2712 tanquam
597 2623 628 2686 in
658 2623 724 2686 acie
758 2621 898 2708 quadam
933 2645 1004 2685 cum
1037 2622 1230 2711 voluptariis
1266 2627 1364 2704 rebus,

410 2749 582 2814 quumque
604 2726 665 2788 ista
681 2725 745 2789 vini
767 2724 892 2788 licentia
910 2725 1053 2788 cominus
1071 2725 1319 2808 decernendum,
1334 2743 1364 2791 ut

408 2828 567 2891 adversus
589 2849 642 2889 eos
663 2848 725 2888 non
748 2825 837 2907 fuga,
858 2846 916 2887 nec
938 2825 1081 2888 absentia
1103 2827 1205 2892 simus
1225 2829 1301 2904 tuti,
1314 2827 1364 2892 sed

414 2930 523 3013 vigore
551 2927 648 2991 animi
677 2940 709 2990 et
739 2926 896 2991 constanti
929 2928 1109 3013 presentia,
1139 2930 1364 3016 moderatoque

416 3054 475 3096 usu
494 3027 733 3115 temperantiam
754 3027 1045 3113 continentiamque
1067 3041 1229 3106 tueamur,
1244 3043 1277 3096 et
1292 3031 1365 3094 cals-

414 3133 499 3197 t‘acto
514 3130 607 3195 simul
625 3129 805 3213 refectoque
820 3128 937 3205 animo,
948 3128 973 3190 si
988 3129 1066 3214 quid
1083 3130 1114 3193 in
1131 3131 1230 3195 eovel
1246 3132 1365 3219 frigidae

414 3231 565 3308 tristitie,
587 3230 639 3294 vel
661 3228 817 3314 torpentis
836 3227 1035 3293 verecundia
1058 3229 1168 3310 fuerit,
1190 3232 1365 3297 abluamus.

415 3336 539 3399 Poterit
569 3333 742 3396 auctoritas
771 3329 914 3395 Platonis
943 3352 1070 3395 movere
1099 3333 1291 3419 complures,
1316 3333 1364 3400 ned

411 3435 491 3498 mibi
507 3433 600 3498 nimis
615 3432 745 3509 arduus,
760 3444 792 3495 et
808 3430 993 3494 temerarius
1013 3431 1244 3499 infirmioribus
1258 3436 1366 3500 animis

412 3535 552 3613 videtur,
573 3557 645 3597 cum
669 3533 806 3608 Baccho,
830 3532 895 3595 imo
916 3546 948 3597 et
970 3555 1042 3597 eum
1067 3535 1182 3618 quavis
1205 3537 1366 3623 voluptate

411 3656 610 3721 congressus.
657 3636 690 3698 Si
717 3635 802 3699 Loth
830 3636 878 3698 vir
900 3637 1021 3722 justus,
1044 3648 1077 3700 et
1101 3636 1222 3721 diguus
1246 3641 1305 3725 qui
1329 3639 1366 3703 de

413 3738 623 3802 Sodomorum
646 3737 824 3822 eriperetur
847 3739 1003 3815 incendio,
1025 3738 1209 3825 impellente
1230 3742 1295 3806 vini
1316 3744 1366 3806 sti-

411 3838 499 3904 mulo
513 3837 633 3901 corruit
653 3838 685 3899 in
707 3838 881 3905 incestum:
908 3843 940 3906 Si
960 3842 1028 3904 Noe
1044 3841 1166 3905 leniora
1180 3843 1365 3920 denudavit,

411 3943 475 4008 fide
499 3954 531 4005 et
561 3940 793 4026 perseverantia
819 3943 893 4006 boni
918 3945 1102 4008 subtractus
1127 3943 1264 4026 diluvio,
1289 3946 1365 4010 alter

413 4044 543 4110 humani
567 4042 691 4127 generis
722 4056 813 4128 pater
839 4058 872 4108 et
899 4045 1011 4110 salutis
1040 4046 1163 4132 opifex,
1192 4049 1271 4134 quis
1299 4061 1366 4112 tuto

411 4146 628 4234 congreditur,
643 4144 701 4208 nisi
723 4146 806 4209 forte
819 4147 962 4232 seipsum
988 4147 1085 4211 tantis
1106 4147 1202 4213 ducat
1226 4149 1365 4235 patribus

410 4246 666 4335 praeferendum?
706 4251 752 4313 Ut
777 4262 881 4311 tamen
910 4248 1052 4313 Platonis
1082 4272 1145 4312 non
1172 4252 1364 4316 reluctemur

405 4353 524 4427 edicto,
535 4350 686 4434 congredi
699 4373 771 4414 cum
785 4350 950 4436 voluptate
965 4356 1007 4416 sit
1023 4351 1152 4428 lortius,
1165 4353 1245 4418 dum
1263 4368 1362 4418 tamen
