3550 5467
410 678 473 735 366
668 684 805 730 Joaxsrs
821 682 1102 727 suuasnanrausrs
1194 666 1278 744 [am.
1296 683 1362 728 vm.

409 838 551 905 conclavi
573 858 701 900 causam
725 834 843 920 poterit
866 855 999 918 pensare
1024 831 1268 909 sacerdotalem,
1290 836 1362 917 quin

408 965 463 1006 eos
477 943 509 1004 in
525 937 662 1002 consiliis
676 936 826 999 omnibus
837 934 1006 999 admittere
1017 933 1241 1020 compellatur.
1281 933 1361 1011 Quid

409 1041 498 1129 quod
522 1040 649 1122 cogitur
670 1038 821 1101 damnare
845 1037 1029 1112 Simmiam,
1053 1057 1202 1111 munera,
1225 1049 1257 1100 et
1282 1034 1364 1099 retri-

409 1143 582 1207 butiones?
623 1138 656 1202 Si
688 1162 726 1202 ea
755 1137 912 1224 sequitur,
940 1160 1042 1200 nonne
1068 1140 1209 1223 seipsum
1240 1136 1364 1222 propria

412 1265 489 1305 voce
512 1240 726 1304 condemnat?
757 1237 790 1301 Si
815 1239 847 1301 in
870 1260 994 1301 summa
1013 1238 1159 1323 potentia
1180 1237 1313 1300 minima
1331 1235 1364 1300 li·

410 1341 517 1405 centia
538 1354 599 1417 est,
621 1338 765 1424 profecto
787 1341 845 1424 qui
869 1336 995 1421 legibus
1018 1349 1146 1421 praeest,
1167 1336 1251 1400 nulli
1274 1337 1365 1420 subji-

411 1441 508 1518 citur,
535 1440 590 1504 sed
616 1439 658 1502 ab
687 1437 805 1502 illicitis
834 1435 954 1502 arctius
979 1450 1170 1501 coarctatur.
1220 1439 1310 1523 Ergo
1336 1452 1364 1502 et

414 1546 559 1608 Romano
582 1540 729 1605 Pontifici
752 1539 929 1618 minimum,
952 1562 990 1602 eo
1011 1539 1081 1623 ipso
1102 1562 1170 1624 quo
1193 1539 1364 1624 plurimum

412 1644 497 1709 licet.
548 1643 634 1720 Quid
666 1642 878 1727 ponderosius
908 1655 955 1705 est
985 1639 1199 1704 sollicitudine
1229 1643 1365 1704 omnium

412 1746 639 1810 ecclesiarum?
663 1741 879 1830 Apostolicum
897 1741 1098 1827 privilegium
1113 1743 1228 1806 transit
1246 1741 1287 1804 ad
1305 1765 1368 1805 suc-

414 1870 563 1925 cessores,
578 1859 610 1910 et
625 1845 718 1932 plane
733 1868 807 1931 pars
822 1843 980 1930 privilegii
1002 1857 1060 1919 est,
1076 1866 1174 1928 quam
1197 1843 1369 1928 Apostolus

414 1948 455 2013 ad
478 1948 662 2014 Corinthios
687 1946 840 2033 loquitur.
886 1946 977 2022 Quis,
998 1945 1116 2029 inquit,
1131 1944 1325 2019 infirmatur,
1340 1958 1368 2007 et
1396 1994 1401 2003 .

415 2043 476 2135 ego
500 2073 562 2113 uon
587 2049 752 2114 infirmor?
790 2049 870 2126 Quis
897 2047 1140 2126 scandalizatur,
1163 2060 1195 2110 et
1223 2070 1284 2132 ego
1309 2069 1367 2110 uon

417 2155 516 2214 uror?
555 2152 589 2213 si
615 2163 719 2213 totum
741 2172 803 2211 non
831 2149 929 2213 vultis
944 2148 1114 2227 revolvere,
1130 2148 1178 2211 vel
1195 2147 1284 2211 istud
1300 2170 1370 2211 ven·

414 2249 508 2323 dicet,
535 2248 590 2332 qui
618 2248 659 2311 de
685 2249 826 2333 primatu
853 2248 1028 2328 contendit,
1053 2262 1097 2327 et,
1125 2260 1162 2311 ut
1193 2261 1284 2334 puto,
1311 2249 1370 2312 cito

416 2349 509 2413 faciet
533 2352 650 2412 locum.
696 2349 857 2412 Proeterea
879 2351 937 2434 qui
961 2353 1125 2415 Romanus
1147 2350 1294 2436 pontifex
1316 2363 1370 2428 est,

414 2452 549 2517 eundem
573 2474 632 2537 pro
654 2451 833 2515 conditione
855 2452 995 2518 ecclesiae
1018 2475 1091 2538 quae
1112 2474 1199 2515 nunc
1227 2466 1286 2528 est,
1308 2474 1370 2515 esse

417 2576 544 2619 servum
561 2575 723 2618 servorum
745 2574 870 2615 necesse
892 2565 949 2615 est.
994 2552 1067 2614 Non
1089 2551 1236 2635 equidem
1254 2572 1370 2615 nuncu-

416 2656 524 2743 pative
549 2653 589 2718 ad
613 2653 759 2738 gloriam,
783 2666 820 2717 ut
846 2653 977 2739 quidam
1003 2651 1188 2737 opinantur,
1220 2651 1274 2714 sed
1301 2652 1371 2715 sub-

416 2756 565 2834 stantive,
586 2766 700 2840 utpote
725 2754 781 2839 qui
808 2753 906 2817 servis
932 2753 994 2815 Dei
1021 2751 1135 2815 serviet
1165 2750 1215 2814 vel
1241 2751 1366 2815 invitus.

417 2856 531 2922 Omnis
553 2856 636 2919 enim
660 2878 795 2940 persona
818 2855 878 2918 Dei
905 2854 1012 2928 servit,
1035 2864 1067 2916 et
1090 2851 1302 2938 dispensatrix
1323 2865 1370 2914 est

417 2957 595 3020 clementiae
622 2960 672 3020 vel
695 2956 832 3042 justitiae
858 2980 934 3021 suae.
981 2955 1086 3020 Servit
1112 2953 1258 3039 angelus,
1281 2954 1372 3018 servit

419 3057 526 3137 homo,
542 3058 686 3122 serviunt
708 3057 795 3135 boni,
815 3057 955 3122 serviunt
978 3056 1064 3134 mali,
1085 3069 1117 3119 et
1139 3056 1209 3140 ipse
1232 3055 1373 3142 princeps

418 3160 531 3222 mundi
561 3158 708 3222 diabolus
739 3159 846 3224 servit.
893 3162 983 3243 Ergo
1008 3170 1041 3223 ct
1068 3158 1207 3220 Romani
1234 3158 1372 3221 serviunt

420 3258 502 3341 Deo,
517 3273 549 3325 et
565 3259 704 3346 tyranni,
717 3259 837 3346 quibus
852 3261 1033 3323 Romanum
1055 3277 1181 3322 necesse
1196 3272 1245 3322 est
1261 3259 1374 3322 servire

418 3362 614 3449 pontificem.
662 3361 755 3426 Adeo
777 3361 920 3448 quidem,
936 3375 972 3426 ut
993 3360 1053 3424 uisi
1075 3359 1231 3436 servierit,
1247 3373 1304 3424 aut
1325 3382 1376 3423 ex·

419 3461 613 3545 pontificem,
636 3473 693 3525 aut
720 3483 928 3525 exromanum
953 3483 1020 3524 esse
1045 3482 1170 3524 necesse
1198 3459 1250 3524 sit.
1297 3460 1376 3533 Quis

419 3584 497 3645 ergo
511 3586 584 3625 eum
602 3587 727 3628 servum
743 3586 906 3628 servorum
922 3586 988 3627 esse
1004 3563 1163 3647 ambigit?
1202 3565 1375 3626 Dominum

419 3661 611 3735 Adrianum,
632 3665 726 3748 cujus
750 3678 894 3751 tempora
915 3664 1020 3729 felicia
1039 3665 1137 3729 faciat
1159 3667 1261 3740 Deus,
1283 3665 1377 3748 hujus

419 3759 464 3824 rei
487 3772 598 3823 testem
622 3760 747 3836 invoco,
764 3765 842 3847 quia
864 3768 1011 3830 Romano
1031 3764 1188 3831 Pontifice
1212 3787 1303 3827 nemo
1317 3764 1374 3826 mi·

418 3860 582 3927 serabilior
597 3874 656 3942 est,
671 3863 851 3927 conditione
866 3868 937 3950 ejus
948 3865 1034 3931 nulla
1050 3866 1207 3930 miserior.
1244 3868 1289 3930 Et
1304 3863 1375 3928 licet

420 3964 500 4029 nihil
523 3962 612 4028 aliud
638 3963 746 4044 laedat,
771 3988 898 4031 necesse
924 3981 972 4032 est
998 3983 1035 4034 ut
1060 3968 1212 4032 citissime
1240 3966 1288 4030 vel
1314 3966 1378 4030 solo

418 4065 528 4129 labore
553 4064 687 4130 deficiat
734 4067 868 4133 Fatetur
891 4071 973 4133 enim
997 4069 1030 4132 in
1053 4091 1090 4132 ea
1112 4068 1187 4132 sede
1215 4090 1247 4131 se
1276 4080 1381 4148 tanta,

419 4165 561 4229 miserias
587 4163 752 4246 invenisse,
780 4184 817 4232 ut
846 4169 932 4233 facta
961 4169 1130 4234 collatione
1160 4173 1378 4254 praesentium,

418 4275 486 4328 tota
507 4266 689 4350 praecedens
711 4268 905 4349 amaritudo,
925 4270 1126 4354 jucunditas,
1153 4283 1185 4334 et
1213 4273 1281 4334 vita
1307 4271 1375 4334 t'eli-
