3550 5467
412 738 472 796 lua
664 747 800 791 soranis
816 743 1097 791 sinassnamusis
1210 724 1291 810 [nin.
1308 748 1357 792 cu.

408 903 514 967 turbae
537 912 649 984 sponte
672 911 846 974 consertus,
872 897 1043 981 benignius
1066 897 1246 964 audiretur.
1284 900 1359 963 Saue

407 1004 514 1068 Julius
540 1003 659 1075 Caesar,
686 999 798 1062 audita
823 999 956 1065 Catonis
982 1013 1097 1078 morte,
1125 999 1255 1064 tandem
1280 1022 1358 1062 com·

409 1126 520 1190 passus
534 1116 582 1165 est
599 1100 761 1164 laboribus
775 1115 807 1164 et
828 1099 979 1164 aerumnis
993 1101 1141 1175 extincti,
1156 1116 1188 1165 et
1204 1100 1361 1185 egregium

408 1206 505 1269 civem
537 1202 630 1266 rebus
656 1201 804 1265 humanis
832 1201 963 1267 deflevit
993 1216 1192 1290 exemptum.
1235 1202 1358 1266 Publice

409 1323 513 1372 tamen
529 1305 691 1369 confessus
705 1317 765 1380 est,
781 1303 868 1389 quod
884 1318 917 1369 et
932 1307 1014 1369 Cato
1030 1304 1143 1369 virtuti
1160 1305 1232 1390 ejus
1247 1304 1357 1367 incide·

409 1423 469 1484 rat,
481 1421 513 1471 et
529 1405 615 1493 quod
632 1405 699 1491 ipse
712 1406 846 1470 Catonis
861 1405 972 1488 gloriae
984 1405 1160 1470 invidebat.
1192 1409 1275 1479 Quae
1289 1428 1357 1467 vcro

408 1511 449 1574 ad
472 1509 608 1594 gratiam
632 1509 699 1570 sine
720 1506 842 1571 invidia
864 1509 915 1569 via
934 1506 1176 1592 expeditissima
1199 1507 1253 1582 sit,
1270 1529 1355 1570 senex

410 1614 503 1678 docet
523 1611 553 1673 in
572 1609 706 1689 Andria,
720 1607 799 1673 dum
821 1609 922 1671 filium
943 1609 1093 1673 omnibus
1107 1608 1255 1694 obsequi,
1270 1608 1358 1671 nemi-

411 1737 480 1779 nem
499 1711 614 1776 laedere
629 1710 735 1774 refert.
766 1710 820 1774 ait
833 1732 963 1795 quoque
975 1711 1147 1796 sequendae
1158 1711 1359 1775 beatitudinis

411 1830 503 1902 pater
526 1813 737 1899 Augustinus,
752 1812 830 1898 quia
848 1811 975 1875 dentem
994 1813 1145 1875 caninum
1163 1813 1215 1875 vel
1235 1812 1358 1877 evitabit

410 1917 594 1982 cautissima
609 1914 784 1989 humilitas,
801 1913 849 1975 vel
865 1913 1016 1977 retundet
1034 1914 1228 1979 solidissima
1242 1917 1359 1980 veritas.

411 2019 482 2085 Alia
496 2017 654 2103 siquidem
671 2020 800 2094 virtute,
811 2037 904 2078 nemo
918 2014 1124 2081 detractionis
1138 2017 1277 2084 declinat
1292 2042 1359 2083 acu·

410 2120 485 2197 le0s‚
496 2118 606 2183 libera.²
622 2133 727 2182 tamen
743 2117 993 2203 reprehensionis
1007 2118 1175 2194 medelam,
1188 2144 1265 2185 sana
1280 2144 1359 2185 mens

410 2220 539 2284 minime
564 2231 762 2304 aspernatur.
807 2222 896 2283 Licet
917 2219 992 2304 jure
1013 2221 1155 2286 convitia
1178 2223 1359 2307 puniantur,

409 2319 587 2405 famosique
603 2317 712 2381 libelli.
751 2323 834 2382 Nam

515 2435 545 2486 Si
556 2432 626 2486 mala
636 2433 780 2485 condiderit
790 2436 817 2485 in
829 2452 907 2502 quem
920 2436 977 2504 quia
988 2438 1114 2500 cumina,
1122 2438 1169 2508 jus
1180 2447 1221 2489 est

515 2520 710 2588 Judiciumque:

411 2641 443 2692 et
455 2625 607 2689 adversus
616 2623 836 2688 convitiatores
848 2626 915 2709 jam
930 2625 1054 2708 pridem
1070 2631 1090 2661 “
1103 2626 1154 2690 lex
1167 2638 1214 2692 cst
1227 2642 1359 2713 accepta,

412 2725 610 2807 chorusque”
625 2722 665 2785 de
681 2724 789 2808 inepta
805 2723 931 2788 licentia
945 2727 1224 2811 praesumentium,
1240 2741 1272 2792 et
1289 2728 1360 2792 abu-

413 2827 561 2905 tentium‚

518 2943 639 3014 Turpiter
650 2943 768 3006 obticuit,
780 2942 881 2995 sublato
886 2946 945 3015 jure
957 2945 1075 2998 nocendi.

413 3174 493 3258 Cap.
509 3179 561 3236 25.
585 3173 637 3236 De
658 3175 814 3237 libertatis
827 3195 934 3238 umore
945 3179 1118 3254 etsnvorc:
1139 3189 1171 3241 et
1184 3181 1225 3242 de
1238 3182 1297 3256 atr,
1310 3184 1361 3262 qui

454 3275 548 3337 libere
561 3276 659 3351 dicto,
673 3278 812 3356 patienti
826 3279 935 3339 animo
949 3278 1086 3355 majores
1101 3283 1263 3344 tulerint:
1285 3290 1316 3345 ct
1327 3284 1362 3343 dc

454 3378 636 3462 differentia
652 3378 788 3440 loedorioe
804 3385 835 3440 ct
848 3383 1034 3443 scommatis.

456 3521 626 3580 laetanias
653 3538 728 3599 ergo
761 3521 800 3581 ‹le
821 3522 954 3603 singulis
987 3545 1045 3605 pro
1078 3527 1211 3589 arbitrio
1232 3528 1364 3612 judicat,

410 3630 444 3682 et
459 3641 531 3702 quac
547 3619 632 3681 sanis
644 3619 731 3683 videt
746 3622 888 3684 moribus
903 3625 1041 3702 obviare,
1053 3629 1288 3709 reprehendere
1303 3651 1361 3693 uon

412 3731 542 3783 veretur.
580 3719 671 3782 Nihil
688 3732 793 3785 autem
810 3726 981 3805 gloriosius
1000 3728 1160 3800 libertate,
1177 3745 1293 3814 praeter
1307 3733 1362 3793 rir-

411 3836 522 3890 tutem‚
543 3821 569 3882 si
593 3832 697 3884 tamen
724 3825 854 3887 libertas
878 3841 964 3890 τυοῐο
991 3851 1010 3890 a
1038 3831 1154 3892 virtute
1181 3833 1362 3916 sejungitur.

411 3922 569 3986 Omnibus
585 3921 669 3984 enim
687 3937 770 3986 recte
792 3926 992 4006 sapientibus
1014 3929 1126 4012 liquet,
1143 3935 1223 4015 quia
1237 3936 1362 3997 liberm

412 4023 691 4088 vernaliundcnon
702 4029 854 4110 provenit.
876 4029 1361 4113 Unile,qniasnmu¹umbonum

411 4129 443 4190 in
456 4128 519 4189 rita
528 4140 652 4189 constat
661 4149 731 4190 csse
743 4129 899 4204 virtutem,
909 4141 941 4192 ct
953 4154 1024 4215 qua·
1036 4135 1105 4196 sola
1117 4159 1224 4215 grave,
1235 4154 1267 4202 et
1277 4139 1360 4201 odio·

410 4251 480 4291 sum
497 4228 657 4291 servitutis
677 4229 800 4291 excutit
807 4230 933 4313 jugum,
952 4255 1007 4316 pro
1023 4236 1150 4315 virtute,
1166 4262 1240 4323 qum
1261 4243 1360 4321 singu·

409 4329 484 4391 laris
493 4327 619 4390 vivendi
629 4349 722 4390 cansa
733 4331 1039 4412 cst,moriendurn‚si
1052 4337 1173 4417 ingruit
1183 4343 1361 4414 necessitas,
