3550 5467
272 731 340 776 cre.
357 715 437 793 xrs]
626 732 881 780 rom’cnarrcus.
1169 728 1229 788 123

272 902 369 965 quam
386 880 568 944 examinare
584 880 608 943 si
632 880 711 966 quid
727 882 921 948 difficultatis
942 884 1079 950 emersit.
1114 888 1229 953 Veren-

272 994 324 1044 tur
340 995 448 1045 tamen
461 981 596 1067 prodere
612 981 801 1066 imperitiam
818 1007 907 1049 suam
919 989 1091 1071 jactatores
1107 989 1228 1072 sapien-

271 1082 337 1162 tiae,
353 1104 415 1145 non
433 1095 602 1160 amatores,
617 1097 650 1148 et
665 1083 696 1147 id
713 1086 801 1170 quod
821 1087 973 1164 nesciunt,
991 1110 1090 1172 pravo
1105 1090 1228 1173 pudore

271 1185 402 1263 nescire,
421 1206 518 1269 quam
541 1206 683 1270 quaerere
705 1199 736 1249 et
757 1184 875 1250 discere
896 1188 1031 1266 malunt,
1052 1190 1227 1275 praesertim

271 1283 296 1348 si
317 1285 436 1349 adsunt
457 1286 524 1361 alii,
544 1286 663 1369 quibus
687 1297 796 1350 notum
821 1289 1035 1366 [arbitrentur
1057 1290 1144 1376 quod
1167 1291 1227 1376 ipsi

270 1387 434 1460 nesciunt;
457 1387 574 1450 fastum
593 1393 716 1468 tamen]
730 1412 836 1452 eorum
855 1390 937 1453 ferre
952 1413 1013 1453 non
1030 1394 1163 1476 poteris:
1188 1394 1228 1456 de

270 1487 357 1549 omni
387 1488 520 1552 materia
550 1487 727 1574 loquuntur
756 1490 874 1566 subito,
903 1490 1080 1576 dijudicant
1110 1514 1229 1573 omnes,

271 1584 403 1671 culpant
426 1586 514 1664 alios,
532 1590 651 1671 seipsos
672 1587 859 1672 praedicant,
877 1590 1001 1672 jactant
1019 1614 1051 1654 se
1075 1589 1228 1656 invenisse
1271 1628 1277 1641 ·

271 1687 310 1750 de
330 1709 425 1766 noro,
444 1687 532 1773 quod
554 1692 667 1752 tritum
691 1701 738 1752 est
759 1689 800 1751 ab
820 1690 973 1774 antiquis,
994 1703 1026 1753 et
1049 1691 1228 1754 testimonio

271 1789 423 1852 librorum
441 1811 496 1873 per
507 1802 619 1855 aetates
633 1790 747 1853 multas
762 1789 801 1852 ad
820 1804 963 1875 tempora
976 1803 1082 1854 nostra
1093 1791 1227 1875 perduc-

271 1901 352 1952 tum.
392 1889 497 1952 Verba
522 1889 747 1974 multiplicant,
774 1904 809 1954 ut
837 1912 920 1974 saepe
947 1890 1051 1953 minus
1077 1891 1228 1955 intellecti

270 1987 332 2052 sint
358 2012 463 2065 onere,
490 2004 521 2053 et
549 1991 757 2055 multitudine
787 1993 968 2066 verborum,
997 2013 1092 2076 quam
1120 2014 1227 2056 rerum

270 2087 466 2153 difficultate.
506 2093 615 2163 Quum
627 2094 710 2153 enim
727 2113 765 2154 ne
778 2090 1008 2174 intelligeretur
1019 2092 1134 2172 effecit,
1145 2093 1228 2155 arbi-

271 2200 398 2253 trantur
408 2211 441 2252 se
457 2212 619 2266 meruisse,
633 2205 669 2255 ut
685 2213 751 2277 prae
767 2192 889 2256 caeteris
902 2193 1110 2278 philosophus
1121 2193 1227 2257 videa-

271 2304 333 2354 tur.
365 2293 411 2354 Et
427 2314 512 2377 saepe
527 2291 584 2377 qui
600 2295 787 2374 paucissima
799 2297 896 2367 novit,
910 2295 1056 2379 proponit
1075 2294 1225 2380 plurima,

269 2416 342 2476 quae
358 2413 416 2455 nec
431 2393 499 2478 ipse
514 2394 713 2478 Pythagoras
728 2395 883 2459 sufficeret
900 2395 1081 2481 explanare.
1120 2397 1224 2460 Inter-

270 2492 347 2555 dum
364 2492 473 2556 eadem
491 2493 623 2578 replicat
646 2508 676 2557 et
694 2494 839 2558 revolvit.
877 2497 923 2558 Et
937 2497 1014 2577 quia
1035 2518 1096 2558 non
1116 2495 1225 2575 babet,

271 2616 334 2677 quo
353 2593 505 2669 divertat,
523 2593 644 2658 laborat
666 2594 789 2670 misere,
805 2595 888 2657 idem
914 2596 1000 2672 terit,
1017 2603 1083 2658 “et
1099 2595 1223 2659 easdem

269 2694 400 2760 circinat
429 2696 564 2767 auras;'’
599 2693 676 2758 dum
706 2694 789 2758 enim
820 2692 930 2779 procul
961 2691 1064 2773 audis,
1093 2693 1223 2757 tertium

268 2799 422 2861 Catonem
443 2818 460 2858 e
475 2794 555 2857 coelo
574 2795 738 2858 miraberis
754 2794 922 2858 cecidisse:
949 2793 1125 2878 quemlibet
1139 2794 1222 2858 enim

269 2896 438 2970 bominem,
448 2893 601 2959 adtulisse
614 2895 785 2959 videbitur.
808 2895 840 2957 Si
852 2895 1077 2979 professionem
1088 2916 1223 2977 quaeras,

270 3008 324 3059 aut
340 3008 453 3075 artem,
468 3008 515 3059 est

372 3112 574 3175 Grammaticus,
590 3115 697 3177 Rhetor,
710 3118 864 3180 geometres,
876 3114 967 3181 pictor,
979 3111 1083 3182 aliptes,

370 3199 473 3265 Augur,
485 3199 674 3262 schoenobates,
686 3199 811 3260 medicus,
824 3215 930 3264 magus:
949 3199 1035 3248 omnia
1047 3196 1126 3258 norit,

268 3312 298 3364 et
320 3299 479 3364 esuriente
502 3303 653 3366 Graeculo
677 3302 769 3387 longe
790 3298 1001 3383 praestantior.
1041 3301 1123 3362 Nam
1143 3310 1174 3361 et
1196 3299 1220 3361 si

263 3399 403 3486 jusseris,
427 3401 486 3465 ibit
509 3405 539 3465 in
564 3406 691 3481 coelum,
711 3415 743 3465 et
768 3400 903 3465 Daedalo
925 3400 1060 3477 doctior,
1083 3399 1220 3483 teipsum

267 3523 330 3586 quo
354 3500 491 3564 volueris
514 3501 702 3565 incolumem
727 3524 783 3587 per
805 3502 897 3565 inane
915 3501 1061 3586 trajiciet.
1100 3501 1222 3566 accede

267 3616 301 3664 ut
317 3600 470 3680 docearis,
482 3601 559 3685 quid
574 3604 606 3665 in
619 3602 745 3686 scriptis
757 3601 822 3665 suis
831 3614 976 3669 auctores
986 3600 1137 3664 senserint
1150 3600 1223 3664 dili-

265 3715 375 3785 genter
412 3702 547 3786 inquire,
578 3717 693 3765 exerite
723 3702 866 3778 literam3
901 3705 1008 3766 statim
1046 3702 1220 3787 increpabit

265 3803 415 3867 duritiam
440 3817 540 3880 tuam,
560 3816 590 3867 et
613 3807 702 3867 asino
721 3805 867 3869 Arcadiae
891 3818 922 3868 te
936 3804 1021 3867 dicet
1037 3803 1217 3869 tardiorem.

265 3904 403 3969 Plumbo
417 3904 562 3968 hebetior
579 3927 623 3978 cs,
639 3904 717 3967 dum
741 3905 818 3989 quid
836 3906 866 3967 io
884 3905 974 3969 litera
991 3905 1066 3968 latet
1088 3907 1221 3969 interro·

265 4029 330 4089 gas.
376 4006 487 4069 Litera
517 4004 638 4068 inutilis
667 4018 725 4080 est,
757 4027 813 4068 nec
843 4005 1019 4069 curandum
1051 4018 1110 4079 est,
1139 4006 1220 4089 quid

265 4107 427 4192 loquatur.
459 4111 493 4171 Si
509 4107 616 4185 instas,
630 4108 806 4170 monebcris
818 4108 940 4190 sugere,
953 4106 1100 4191 quoniam
1118 4108 1221 4186 perni-

266 4209 349 4274 ciosa
365 4223 426 4284 est,
442 4221 474 4271 et
489 4207 615 4271 occidit.
646 4212 733 4272 Cave
749 4230 788 4269 ne
810 4230 938 4293 serpens
954 4209 1006 4284 sis,
1024 4205 1079 4289 qui
1103 4217 1220 4266 terram

265 4312 404 4375 comedit
429 4310 577 4373 omnibus
599 4310 713 4373 dicbus
737 4311 809 4372 ritae
832 4334 907 4372 sure.
948 4314 1010 4371 Aut
1034 4302 1221 4380 ludendum,
