3550 5467
297 752 369 797 csr.
384 733 498 812 axin]
670 749 927 796 eourcasrrcus.
1190 735 1252 795 363

297 903 370 965 Hoc
392 897 522 984 quidem
539 920 639 984 quum
659 898 852 963 innotuerit:
881 921 953 964 nam
974 900 1195 965 schismaticus
1217 920 1251 963 se

295 1000 488 1066 catholicum
502 1020 569 1063 esse
581 1022 666 1084 saepe
677 1001 843 1074 mentitur,
889 1001 971 1076 Quis
985 1002 1067 1065 enim
1080 1010 1250 1085 praesumet

296 1123 458 1165 summum
468 1099 614 1185 judicare
635 1099 828 1184 pontificem,
848 1101 943 1185 cujus
962 1123 1057 1164 causa
1077 1099 1140 1165 Dei
1155 1098 1253 1162 solius

296 1199 627 1266 reservaturexamini
640 1203 653 1263 ἓ
669 1201 795 1284 Utique
807 1201 957 1286 quisquis
968 1202 1028 1265 hoc
1038 1198 1255 1274 attentaverit,

298 1302 443 1366 laborare
473 1301 617 1386 quidem,
643 1299 698 1364 sed
729 1303 882 1386 proficere
912 1323 1113 1387 nequaquam
1140 1310 1255 1385 potest.

299 1405 368 1467 Nec
386 1402 426 1466 ad
443 1425 584 1485 unguem
601 1424 715 1468 nornen
733 1401 898 1465 Pontificis
913 1416 1003 1476 arto;
1027 1403 1183 1467 habeatur
1202 1399 1254 1463 hic

300 1504 456 1589 pontifex,
496 1504 717 1589 cujuscunque
753 1503 904 1568 canonica
941 1504 1101 1589 praecessit
1135 1500 1255 1566 electio.

301 1606 402 1668 Jonas
420 1618 455 1669 ut
478 1602 680 1688 naufragium
702 1602 838 1681 tolleret,
861 1604 1063 1688 naufragium
1084 1602 1171 1679 fecit,
1193 1622 1258 1664 ma·

301 1706 429 1792 luitque
440 1706 543 1791 perire
553 1703 1006 1791 solus,quamaliosiuvolvere
1016 1702 1255 1790 periculissuis:

302 1829 359 1868 nec
381 1818 486 1868 tamen
513 1803 661 1888 regendae
685 1807 774 1868 navis
799 1826 908 1867 curam
931 1817 1121 1889 susceperat.
1170 1799 1257 1864 Salo-

304 1930 377 1970 mon
408 1906 509 1971 abeo
532 1919 710 1970 maternum
737 1906 894 1971 convincit
917 1906 1078 1981 affectum,
1101 1903 1188 1989 quod
1209 1903 1258 1966 iu-

304 2022 431 2092 tegrum
444 2005 617 2071 meretricis
626 2005 792 2071 calumniae
798 2005 898 2072 filium
911 2007 1022 2071 cedere
1029 2005 1149 2084 maluit,
1159 2024 1255 2090 quam

303 2110 427 2195 partiri.
473 2113 520 2173 At
536 2108 587 2173 isti
604 2108 775 2194 periclitari
797 2108 920 2173 malunt
935 2108 1110 2184 ecelesiam,
1128 2119 1160 2171 et
1176 2105 1258 2170 scin·

305 2210 349 2289 di,
372 2232 469 2294 quam
495 2209 644 2273 honorem
661 2232 723 2273 non
748 2233 915 2297 usurpare,
937 2225 969 2274 et
984 2209 1142 2275 innocenti
1163 2205 1258 2273 matri

305 2310 444 2373 ecclesiae
467 2333 528 2374 non
552 2311 668 2374 inferre
692 2311 894 2376 calumniam.
942 2314 1022 2375 Hmc
1052 2325 1110 2390 est,
1140 2307 1257 2392 iuquit,

305 2423 405 2473 mater
420 2413 501 2497 ejus,
526 2413 678 2497 quoniam
700 2436 739 2476 ex
757 2413 925 2477 dilectione
942 2412 1060 2496 refugit
1076 2410 1258 2475 sectionem.

307 2512 335 2574 E
353 2525 464 2575 contra
479 2512 531 2575 hic
546 2513 714 2597 privignus
728 2525 787 2586 est,
804 2515 861 2594 qui

574 2627 651 2677 Ferro
663 2625 770 2674 rimatur
781 2625 880 2675 viscera
893 2624 993 2674 matris.

306 2725 408 2801 Quot,
423 2737 456 2789 et
471 2737 611 2809 quantos
633 2722 804 2798 tumultus,
821 2736 853 2786 et
873 2735 997 2807 strages
1017 2721 1107 2786 dedit
1125 2720 1180 2785 illa
1194 2719 1258 2784 col-

305 2827 387 2906 lisio,
411 2825 540 2909 quando
562 2824 648 2888 filius
674 2822 759 2888 Petri
784 2823 902 2887 Leonis
924 2822 1076 2887 adversus
1107 2825 1260 2885 Innocen-

309 2929 389 2989 tium
405 2924 498 2987 bouae
520 2924 677 2988 memoria·
694 2924 861 3002 Quintum,
884 2923 1002 2988 domini
1027 2922 1161 2988 Adriani
1177 2944 1261 3006 proe·

306 3045 473 3096 cessorem,
496 3025 589 3109 cujus
613 3027 709 3086 vitam
733 3037 763 3086 et
786 3023 969 3088 felicitatem
993 3024 1025 3086 iu
1048 3044 1081 3086 se
1104 3023 1136 3085 in
1152 3043 1257 3085 sevum

306 3122 479 3211 protendat
489 3123 796 3202 Dominus,conatus
805 3137 852 3188 est
863 3125 905 3188 ab
915 3124 1064 3210 aquilone
1074 3121 1261 3188 ascendere?

306 3228 421 3289 Nonne
436 3237 467 3289 et
483 3224 647 3288 stellarum
668 3241 790 3311 partem
807 3248 914 3289 secum
939 3226 1037 3290 traxit
1053 3225 1146 3289 ruina
1166 3225 1259 3309 ejus?

309 3328 388 3404 Quis
404 3326 503 3391 nescit
517 3326 682 3410 AEgidium
698 3326 945 3392 Tusculanum?
973 3328 1051 3405 Quis
1063 3332 1195 3393 Petrum
1209 3325 1263 3390 Pi-

309 3449 433 3502 sanum,
449 3427 501 3489 cui
519 3426 637 3503 nullus,
653 3440 710 3491 aut
730 3428 783 3492 vix
798 3427 908 3492 similis
923 3429 1004 3493 alter
1018 3441 1086 3492 erat
1102 3427 1133 3490 in
1149 3426 1261 3490 curia?

310 3529 390 3605 Quis
405 3541 564 3593 recenseat
585 3529 773 3614 Episcopus,
789 3529 846 3614 qui
862 3530 894 3593 in
911 3544 978 3594 tota
998 3529 1063 3592 fere
1080 3528 1176 3593 Italia
1195 3551 1263 3592 cor·

309 3635 466 3695 ruerunt?
492 3630 638 3695 Profecto
664 3630 743 3695 dum
769 3631 872 3695 ruinae
900 3631 984 3695 illius
1010 3631 1141 3696 extabat
1168 3643 1263 3696 aetate

310 3746 416 3796 nostra
432 3732 592 3809 memoria,
605 3730 788 3797 incredibile
803 3746 850 3796 est
867 3733 1047 3820 quempiam
1060 3732 1140 3797 adeo
1152 3733 1265 3796 misere

310 3833 512 3897 ambitiosum
529 3856 606 3915 esse,
623 3847 659 3898 ut
678 3835 841 3900 ecclesiam
859 3835 1000 3900 scindere
1022 3858 1084 3898 non
1102 3834 1264 3898 formidet.

312 3935 479 3997 Neminem
499 3936 547 3998 ita
567 3936 733 4021 stupidum
750 3961 816 4001 esse
840 3937 946 4014 credo,
962 3937 1019 4022 qui
1040 3957 1102 3997 uon
1126 3936 1265 3998 malitae

314 4031 423 4109 deleri,
441 4057 537 4120 quam
550 4050 585 4099 ut
601 4060 659 4122 pro
674 4060 712 4099 eo
726 4049 816 4101 tanta
831 4039 887 4100 fiat
900 4035 1050 4100 turbatio.
1098 4034 1131 4094 Si
1143 4032 1267 4096 delictis

311 4134 427 4196 nostris
463 4134 678 4216 exigentibus,
710 4134 894 4197 carnificum
925 4135 1057 4197 istorum
1095 4129 1265 4215 quisquam

315 4233 490 4296 ascenderit
501 4233 606 4296 sedem
621 4234 718 4309 Petri,
727 4246 759 4293 et
769 4230 810 4292 ad
820 4228 1072 4315 gubernaculum
1085 4229 1174 4292 naris
1185 4232 1267 4315 ejus,

316 4333 454 4396 Domino
469 4333 666 4416 indignante,
683 4334 859 4406 accesserit,
876 4331 970 4414 plane
985 4329 1186 4415 naufragium
1203 4354 1265 4396 non
