3550 5467
409 769 485 814 car.
503 752 567 830 ιι]
770 771 1025 818 eotrcnarrcus
1310 763 1374 823 268

410 934 448 985 ut
472 921 520 985 ait
544 921 694 984 Nounius
716 923 900 1002 Marcellus,
926 922 1128 1007 indulgentia
1151 926 1241 1011 legis.
1297 928 1371 991 Ino·

409 1021 490 1087 levit
506 1023 603 1086 etiam
624 1024 831 1103 consuetudo,
847 1038 885 1089 ut
906 1047 989 1110 quos
1010 1027 1041 1088 in
1063 1027 1285 1094 commercium
1301 1051 1370 1093 car·

409 1125 461 1186 nis
484 1124 624 1188 ecclesiae
642 1125 752 1209 jungit
773 1128 957 1202 auctoritas,
975 1127 1071 1212 pullio
1086 1128 1232 1192 velentur
1251 1129 1371 1209 altaris,

410 1239 468 1290 aut
493 1226 557 1290 alio
578 1228 619 1292 ab
641 1228 771 1292 ecclesia
792 1230 979 1304 constituto,
997 1242 1031 1293 ut
1056 1244 1146 1295 torus
1166 1233 1221 1318 qui
1240 1233 1369 1297 Christo

408 1326 601 1392 conciliante
612 1329 819 1409 construitur,
831 1330 872 1393 sit
887 1331 920 1392 in
934 1328 996 1393 fide
1007 1331 1172 1409 castitatis,
1185 1333 1369 1417 fragilitatis

409 1452 479 1494 suae
501 1431 642 1494 maculas
663 1444 822 1515 contegat,
840 1447 876 1496 ut
901 1430 999 1495 totius
1016 1432 1057 1495 sit
1073 1433 1193 1518 probri,
1213 1447 1270 1498 aut
1292 1457 1367 1499 con-

410 1532 549 1596 fusionis
564 1533 705 1616 ignarus.
750 1534 1020 1616 Praeierunturet
1035 1534 1131 1610 laces,
1147 1534 1320 1622 lampades,
1335 1553 1367 1602 et

408 1632 580 1697 luminaria
608 1634 841 1716 accenduntur,
867 1635 945 1720 quia
975 1635 1133 1717 geminum
1166 1649 1283 1714 torum,
1310 1636 1367 1723 qui

409 1733 529 1820 palam,
544 1751 576 1801 et
592 1758 653 1799 uon
678 1760 735 1801 sua
758 1752 891 1820 urgente
912 1736 1055 1811 libidine,
1072 1737 1126 1801 sed
1143 1738 1276 1804 honesta
1290 1760 1365 1804 con·

409 1837 615 1901 sentientium
631 1839 797 1902 voluntate
812 1840 976 1914 sternitur,
989 1837 1086 1900 decus
1101 1838 1176 1902 boni
1192 1839 1368 1925 conjugalis

410 1937 562 2004 illustrat.
613 1940 695 2002 Nam
723 1941 921 2024 Hymenaeus
947 1938 1050 2003 lucem
1079 1953 1177 2019 amat,
1202 1952 1234 2004 et
1264 1940 1366 2005 alacer

411 2040 562 2125 pharetra
577 2063 657 2126 puer
670 2041 810 2127 Cupido,
819 2040 971 2104 furtivam
988 2041 1179 2106 succendens
1195 2046 1366 2123 flammam,

411 2140 551 2205 latebras
564 2156 595 2206 et
612 2142 746 2226 angulos
765 2142 891 2226 quaerit.
937 2142 1029 2206 Licet
1044 2157 1151 2208 autem
1167 2143 1299 2209 honesta
1314 2146 1366 2229 sit,

411 2255 445 2306 et
477 2242 565 2307 utilis
594 2243 709 2328 copula
739 2244 902 2321 maritalis,
931 2243 1088 2329 angustiae
1117 2268 1214 2331 quam
1245 2246 1366 2311 laetitiae

412 2345 594 2409 t'oecundior
616 2359 672 2409 est.
707 2346 796 2409 Parit
818 2348 901 2410 enim
924 2345 955 2409 in
980 2346 1089 2412 dolore
1109 2347 1159 2411 vel
1182 2349 1283 2413 lilios:
1308 2372 1365 2413 nec

411 2445 550 2533 aliquem
567 2445 717 2531 producit
732 2445 883 2522 fructum,
897 2470 993 2533 quem
1010 2472 1072 2512 non
1088 2449 1268 2514 amaritudo
1283 2472 1365 2536 prae·

410 2549 516 2626 cedat,
541 2561 598 2612 aut
626 2562 787 2633 sequatur.
833 2549 940 2622 Unde,
967 2550 1122 2613 referente
1145 2549 1283 2627 Valerio,
1310 2555 1365 2616 Su-

409 2665 514 2714 erates
538 2650 688 2713 humanae
714 2649 877 2734 sapientioe
904 2652 997 2735 quasi
1022 2649 1185 2735 quoddam
1216 2664 1364 2717 terrestre

409 2751 587 2827 oraculum,
602 2752 644 2816 ab
659 2750 895 2815 adolescentulo
911 2751 1049 2836 quodam
1063 2751 1239 2832 consultus,
1254 2765 1364 2818 utrum

409 2876 542 2918 uxorem
564 2853 708 2929 duceret,
732 2876 771 2917 an
795 2878 827 2918 se
848 2854 935 2918 omui
957 2854 1159 2918 matrimonio
1180 2854 1364 2933 abstineret,

408 2955 586 3042 respondit,
602 2978 687 3032 eum,
704 2971 811 3021 utrum
824 2980 933 3020 eorum
951 2956 1086 3031 fecisset,
1102 2969 1248 3019 acturum
1264 2958 1364 3039 poeni-

408 3059 553 3122 tentiam.
584 3059 666 3122 ·Hic
692 3071 735 3135 te,
761 3059 878 3144 inquit,
906 3057 1057 3133 solitudo,
1081 3057 1133 3120 hic
1154 3057 1283 3129 orbitas,
1311 3058 1362 3122 hic

404 3163 537 3244 generis
564 3162 724 3236 interitus,
751 3162 803 3225 hic
829 3162 919 3224 heres
948 3159 1071 3225 alienus
1095 3158 1244 3244 excipiet.
1291 3159 1363 3223 Illic

405 3276 563 3348 perpetua
587 3261 767 3337 solicitudo,
782 3275 953 3327 contextus
975 3260 1190 3347 querelarum,
1206 3259 1291 3324 dotis
1305 3283 1360 3324 ex·

406 3364 584 3450 probratio,
600 3363 742 3429 affinium
756 3387 854 3449 grave
869 3363 1085 3449 supercilium,
1100 3361 1229 3447 garrula
1244 3384 1363 3443 socrus,

405 3465 520 3550 lingua
534 3467 725 3532 subcaesoria
746 3467 840 3530 alieni
864 3466 1068 3543 matrimonii,
1085 3467 1225 3532 incertus
1247 3463 1360 3529 libero·

405 3589 477 3632 rum
501 3580 643 3631 eventus.
690 3568 762 3631 Non
780 3590 893 3652 passus
915 3580 961 3632 est
980 3568 1130 3653 juvenem
1154 3565 1185 3628 in
1208 3577 1361 3629 contextu

405 3691 514 3731 rerum
537 3690 733 3752 asperarum,
749 3668 841 3754 quasi
864 3671 947 3733 laetaa
970 3666 1111 3731 materiae
1133 3665 1236 3731 lacere
1258 3664 1362 3729 delec-

407 3784 489 3834 tum.
536 3770 684 3834 Concinit
704 3771 737 3833 in
759 3770 844 3833 hunc
867 3769 995 3833 modum
1013 3783 1099 3833 totns
1115 3780 1199 3831 recte
1223 3766 1360 3852 philoso-

405 3872 576 3957 phantium
604 3872 737 3937 chorus:
773 3884 809 3935 ut
840 3871 866 3935 si
895 3874 952 3957 qui
984 3870 1175 3936 Christiana
1201 3867 1362 3952 religionis

376 4025 378 4028 .
405 3971 577 4037 abhorrent
594 3973 744 4056 rigorem,
758 3970 883 4035 discant
899 3970 947 4034 vel
963 3972 1005 4035 ab
1024 3969 1159 4035 ethnicis
1174 3968 1362 4032 castitatem.

404 4072 478 4135 Non
503 4086 609 4137 tamen
633 4070 722 4156 quod
746 4069 906 4157 conjugali
934 4069 1100 4135 detraham
1127 4067 1279 4141 castitati,
1306 4065 1362 4127 sed

403 4175 690 4249 centesimum,aut
705 4173 936 4256 sexagesimum
949 4171 1102 4246 fructum,
1114 4168 1187 4231 licet
1203 4165 1243 4228 de
1258 4163 1362 4228 radice

404 4275 554 4340 tricesimi
580 4275 737 4352 oriantur,
764 4273 893 4336 minime
920 4271 1058 4335 arbitror
1089 4267 1248 4335 tricesimo
1277 4286 1363 4328 com·

406 4378 601 4462 ponendum.
649 4378 748 4453 Zeno,
765 4375 947 4460 Epictetus,
964 4369 1167 4445 Aristoteles,
1190 4365 1364 4442 Critolaus,
