3550 5467
536 742 577 801 88
793 755 928 801 sossius
944 754 1224 801 saussnsnrsssrs
1348 741 1429 820 [ms.
1446 758 1491 804 vr.

538 908 768 972 comminutum
785 921 842 972 est.
887 909 1059 993 Imperium
1075 908 1140 971 fere
1156 910 1339 971 Romanum
1352 910 1492 975 exhaus-

539 1019 606 1071 tum
621 1019 681 1089 est,
695 1022 728 1074 et
750 1010 920 1086 divulsum,
937 1013 1068 1074 Nerone
1090 1010 1278 1093 imperante,
1300 1010 1392 1095 cujus
1416 1015 1492 1094 gula

536 1110 603 1173 fere
639 1113 748 1175 omnia
783 1112 956 1189 devoravit,
988 1112 1162 1175 macularit
1198 1110 1311 1186 libido,
1342 1113 1494 1177 exhausit

538 1207 679 1284 avaritia,
694 1210 787 1291 fregit
807 1209 949 1291 ignavia,
964 1209 1093 1270 luxuria
1115 1228 1190 1270 cum
1212 1209 1367 1290 superbia
1380 1210 1493 1272 exina-

539 1308 628 1371 nivit.
672 1309 740 1373 Hic
755 1310 875 1372 nullam
891 1323 1012 1373 vestem
1028 1310 1079 1371 bis
1094 1308 1209 1383 induit,
1222 1320 1258 1372 ut
1273 1310 1323 1372 vel
1333 1310 1367 1371 in
1383 1310 1493 1393 aliquo

538 1409 662 1473 caeteris
677 1410 828 1490 singulari
844 1410 944 1490 gloria
965 1410 1162 1494 praeluceret
1209 1408 1274 1473 Sed
1294 1410 1371 1473 dum
1387 1411 1492 1473 Roma

537 1511 693 1594 permisit,
723 1523 826 1574 totum
856 1513 964 1575 orbem
995 1512 1072 1574 fecit
1101 1512 1282 1593 inglorium.
1329 1511 1492 1598 Quicquid

537 1612 671 1675 aliorum
687 1613 834 1696 quaesivit
847 1611 1012 1690 industria,
1027 1612 1125 1697 hujus
1139 1613 1253 1676 inertia
1267 1613 1332 1676 fere
1347 1615 1462 1678 amisit.

538 1883 619 1967 Cap.
639 1889 687 1945 15.
707 1883 870 1946 Βοηιαηοε
884 1884 920 1943 in
931 1882 1110 1964 disciplina
1117 1903 1194 1965 [πω
1205 1886 1331 1947 coeteris
1342 1887 1492 1966 vipereae,

588 1991 622 2044 et
634 1985 670 2044 in
685 1984 732 2044 eia
747 1983 875 2044 Julium
893 1983 1212 2069 Ooesarcmfloraisse
1221 2004 1294 2066 pre
1310 1988 1442 2049 celeria

581 2141 650 2204 Suo
664 2161 764 2224 quum
787 2143 930 2206 omnium
946 2143 1089 2225 gentium
1104 2143 1256 2225 exempla
1269 2143 1409 2215 revolvo,
1426 2143 1492 2207 dis-

537 2239 660 2326 ciplina
670 2241 886 2306 Romanorum
903 2263 968 2325 prm
981 2242 1105 2305 caeteris
1119 2243 1214 2305 lucet.
1237 2242 1353 2304 Moesis
1362 2264 1492 2328 quoque

537 2344 708 2426 plurimum
721 2344 877 2426 profuisse
891 2343 1009 2426 legitur
1023 2340 1203 2425 disciplina,
1219 2353 1255 2405 ut
1273 2344 1307 2405 in
1327 2345 1491 2426 paucitate

537 2464 594 2507 sira
609 2443 755 2507 finitimis
769 2444 939 2528 superatis,
956 2463 1029 2507 cum
1046 2443 1201 2507 Romanis
1225 2445 1293 2508 ausi
1314 2446 1379 2508 sint
1393 2467 1491 2528 super

538 2544 673 2629 imperio
696 2547 837 2627 gentium
859 2544 1021 2608 dimicare.
1066 2544 1172 2616 Quam
1194 2545 1253 2609 feri
1276 2557 1381 2609 autem
1407 2547 1492 2609 exti-

537 2647 645 2724 terint,
667 2668 710 2711 ex
733 2647 838 2710 verbis
859 2664 969 2709 eorum
998 2643 1171 2726 colligitur,
1197 2646 1316 2729 quibus
1339 2645 1493 2710 adversus

536 2747 702 2811 Romanos
716 2747 913 2830 pugnaturis,
928 2764 1012 2807 unus
1026 2743 1145 2807 ducum
1167 2759 1241 2809 ante
1263 2746 1364 2809 aciem
1381 2757 1491 2828 postu·

535 2849 601 2912 lato
627 2849 773 2912 silentio:
806 2849 883 2923 Vos,
909 2846 1026 2929 inquit,
1054 2845 1110 2930 qui
1132 2845 1231 2910 estis?
1285 2848 1491 2930 Responsum

536 2956 606 3009 est:
635 2947 775 3010 Romani
806 2946 950 3027 gentium
979 2945 1112 3010 domini.
1158 2948 1203 3009 Et
1231 2947 1307 3010 ille:
1341 2949 1391 3010 Ita
1423 2947 1491 3024 fiet,

536 3046 652 3132 inquit,
667 3048 694 3111 si
716 3068 773 3112 vos
794 3046 934 3112 viceritis
947 3068 1018 3111 nos.
1063 3047 1162 3111 Gravi
1184 3047 1314 3112 tandem
1337 3048 1491 3112 conflictu

536 3159 713 3234 pugnatum
728 3161 788 3229 est,
801 3147 860 3213 sed
870 3150 1009 3213 Romani
1023 3149 1176 3224 vicerunt,
1188 3158 1220 3212 et
1229 3170 1360 3212 numero
1372 3150 1492 3232 plures,

538 3262 572 3314 et
587 3253 733 3316 fortiores
749 3253 878 3327 viribus,
891 3262 924 3315 et
933 3250 1171 3314 exercitatiores
1183 3272 1255 3328 usu,
1265 3253 1374 3315 multis
1385 3261 1491 3316 tamen

536 3353 662 3416 amissis
675 3373 817 3433 suorum,
831 3375 871 3416 eo
886 3350 974 3437 quod
996 3352 1043 3415 eis
1058 3352 1243 3415 colluctatio
1263 3351 1366 3415 fuerim
1381 3352 1492 3418 adver·

536 3474 593 3516 sus
621 3455 775 3538 populum
807 3454 1052 3537 disciplinaliter
1080 3453 1248 3517 eruditum.
1308 3456 1429 3518 Verum
1458 3457 1491 3518 in

536 3563 605 3618 tota
619 3575 652 3618 re
666 3555 796 3618 militari
806 3555 889 3618 nibil
904 3555 1026 3633 utilius,
1037 3553 1115 3617 nihil
1128 3554 1244 3618 clarius
1259 3555 1341 3619 duce
1353 3556 1491 3619 erudito.

537 3651 623 3716 Nam
645 3653 745 3716 virtus
766 3663 800 3717 et
821 3652 978 3717 industria
999 3651 1103 3731 ducis,
1120 3653 1296 3717 efficaciam
1319 3655 1492 3731 exercitus,

537 3753 622 3817 sicut
635 3755 875 3838 proverbialiter
889 3755 957 3819 dici
971 3756 1062 3833 solet,
1077 3753 1168 3837 quasi
1183 3755 1281 3818 altera
1295 3757 1389 3819 lance
1404 3777 1491 3819 com·

535 3867 661 3937 pensat
706 3856 871 3921 Caesareos
892 3857 1071 3940 triumphos
1091 3853 1167 3919 duci
1189 3856 1310 3939 potius,
1326 3878 1421 3941 quam
1437 3877 1492 3920 ex·

536 3955 650 4020 ercitui
680 3966 820 4021 vetustas
855 3958 1011 4041 ascripsit.
1070 3958 1118 4021 Ut
1152 3958 1235 4020 enim
1270 3956 1399 4021 Solinus
1435 3959 1491 4034 ait,

537 4069 692 4142 quantum
713 4057 862 4122 Senicius
883 4070 939 4122 aut
959 4058 1090 4141 Sergius
1112 4058 1195 4123 inter
1217 4059 1345 4133 milites,
1368 4071 1491 4123 tantum

535 4158 619 4222 inter
633 4157 744 4237 duces,
759 4160 823 4222 imo
837 4159 920 4222 inter
934 4180 1046 4222 omnes
1060 4156 1207 4222 homiues
1219 4158 1329 4224 Caesar
1344 4161 1492 4224 Dictator

536 4259 660 4325 enituit
720 4259 828 4344 Hujus
861 4260 1012 4323 ductibus
1039 4259 1195 4323 undecies
1221 4274 1350 4324 centum
1377 4261 1488 4343 viginti

525 4376 569 4427 et
592 4363 657 4427 duo
684 4362 783 4426 millia
809 4362 949 4428 hostium
977 4382 1073 4439 caesa,
1102 4360 1192 4444 [nam
1216 4374 1369 4445 quantuor
1397 4362 1493 4426 bellis
