3550 5467
403 741 476 787 cuv.
496 722 557 804 1x.]
750 739 1005 787 vatvcaarrcus.
1297 733 1360 791 249

403 892 495 980 quasi
512 892 656 978 generali
669 891 736 955 loco
748 892 938 958 confirmans
949 894 995 957 ait
1008 918 1016 958 ε
1040 893 1152 956 Omnis
1164 894 1246 957 enim
1259 894 1315 980 qni
1329 919 1361 959 se

403 994 526 1059 exaltat
547 992 781 1071 humiliabitur,
804 991 908 1079 etqui
931 1016 964 1055 se
987 992 1135 1056 humiliat
1157 993 1363 1060 exaltabitur.

404 1099 450 1160 Et
473 1094 546 1161 licet
579 1094 738 1182 religionis
760 1094 880 1178 potius,
902 1117 998 1181 quam
1022 1093 1186 1158 civilitatis
1215 1095 1362 1161 videatur

405 1198 561 1274 edictum,
599 1222 659 1283 ego
696 1195 856 1281 religionis
892 1196 1026 1259 formam
1062 1220 1081 1260 a
1111 1196 1263 1262 civilitate
1300 1222 1361 1263 non

408 1301 531 1380 divido,
547 1322 648 1387 quum
672 1298 749 1363 nihil
773 1294 898 1362 civilius
921 1298 973 1372 sit,
990 1321 1085 1384 quam
1109 1298 1212 1365 cultui
1237 1301 1364 1367 virtutis

407 1402 563 1468 insistere.
608 1406 770 1469 Caeterum
786 1423 843 1463 nec
859 1399 1068 1486 valvifragam
1085 1402 1229 1467 admittit
1251 1404 1364 1489 legem,

408 1526 466 1567 uec
487 1502 631 1568 laetitiam
655 1502 810 1577 excludit,
825 1524 881 1565 nec
899 1501 1064 1567 lautiorem
1089 1502 1209 1588 refugit
1231 1528 1365 1591 appara-

408 1618 490 1685 tum,
505 1603 593 1689 gulae
608 1616 712 1668 tamen
728 1601 927 1666 irritamenta
944 1624 1005 1665 non
1026 1604 1155 1688 querit.
1200 1605 1255 1668 Ait
1263 1605 1363 1669 enim:

408 1703 512 1769 Tauri
528 1705 589 1768 mei
603 1717 636 1769 et
651 1702 752 1767 altilia
761 1702 864 1766 occisa
880 1717 966 1767 suut.
1010 1706 1055 1767 Et
1067 1703 1122 1768 ubi
1135 1703 1279 1771 redeunti
1291 1729 1365 1792 pro-

407 1808 485 1893 digo
508 1820 599 1894 pater
620 1809 694 1893 pius
719 1804 900 1890 jucundum
925 1806 1078 1870 instruxit
1102 1806 1293 1885 convivium,
1323 1808 1365 1873 ad

409 1909 640 1975 conciliandam
665 1908 819 1984 laetitiam,
844 1908 1064 1993 symphoniam
1090 1908 1217 1974 admisit
1232 1923 1263 1975 et
1291 1911 1365 1975 cho-

408 2036 491 2078 rum.
515 2011 647 2076 Occisus
656 2024 703 2075 est
720 2014 839 2076 vitulus
852 2010 1027 2095 saginatus,
1038 2024 1069 2075 et
1081 2032 1120 2074 ue
1136 2011 1230 2077 restis
1240 2013 1365 2099 abjecta

408 2115 590 2181 convivium
618 2113 819 2189 devenustet,
842 2112 958 2176 anulus
983 2126 1015 2176 et
1042 2113 1123 2177 stola
1149 2114 1362 2180 ministrorum

409 2216 513 2281 allicio
527 2214 559 2279 in
577 2237 669 2279 usum
686 2214 764 2278 nudi
780 2229 812 2278 et
826 2229 974 2279 ornatum
992 2216 1151 2301 promitur
1161 2215 1202 2280 de
1213 2218 1364 2285 conclavi.

409 2328 501 2391 Sicut
516 2338 623 2389 autern
639 2323 748 2409 dignis
771 2322 969 2388 liberalitatis
986 2325 1068 2388 ostia
1083 2338 1205 2411 patent,
1228 2325 1273 2392 ita
1288 2340 1363 2392 sunt

408 2427 561 2512 turpibus
576 2423 810 2512 praecludenda.
857 2425 940 2488 Nam
957 2438 988 2489 et
1009 2426 1109 2490 fatuae
1124 2429 1274 2509 virgines,
1290 2429 1363 2495 licet

409 2527 538 2614 pulsent
553 2527 593 2591 ad
605 2529 750 2614 januam,
764 2527 806 2590 ob
821 2525 964 2591 stultitiae
985 2541 1090 2591 notam
1109 2528 1266 2613 repulsam
1283 2531 1364 2616 pati-

409 2643 519 2709 untur,
532 2653 570 2694 ne
581 2629 663 2693 forte
675 2629 843 2714 ejiciantur
852 2628 1008 2692 admissae.
1040 2630 1173 2693 Constat
1182 2630 1264 2693 enim
1277 2633 1364 2717 quod

526 2747 641 2819 Turpius
653 2747 763 2818 ejicitur,
775 2764 853 2815 quarn
865 2763 916 2797 nou
929 2744 1074 2797 admittitur
1085 2744 1189 2815 hospes,

408 2867 440 2918 et
457 2867 562 2916 tamen
584 2851 650 2914 siue
672 2863 747 2914 nota
762 2849 899 2935 ejicitur,
924 2848 950 2911 si
967 2870 1025 2911 sua
1048 2847 1249 2933 turpitudine
1263 2848 1366 2914 defor-

409 2963 475 3018 met
503 2952 696 3017 convivium.
743 2949 906 3036 Siquidem
938 2962 969 3011 et
1000 2948 1053 3012 ille
1082 2951 1203 3034 ejectus
1225 2965 1284 3027 est,
1307 2955 1362 3038 qui

411 3070 527 3120 vestem
541 3076 602 3118 non
616 3052 729 3118 habuit
741 3052 926 3138 nuptialem.
963 3053 1044 3114 Haec
1056 3064 1161 3115 autem
1173 3050 1247 3116 licet
1256 3055 1366 3139 mysti-

408 3182 484 3224 cum
500 3157 638 3221 habeant
660 3154 871 3230 intellectum,
896 3152 1101 3217 nihilominus
1116 3153 1148 3215 in
1173 3153 1241 3237 ipsa
1256 3175 1365 3240 super-

407 3259 479 3324 ficie
500 3258 664 3323 civilitatis
686 3256 863 3344 praeferunt
887 3254 1077 3319 rudimenta.
1124 3257 1207 3319 Nam
1228 3270 1261 3320 et
1284 3256 1364 3322 illud

409 3361 541 3451 quidem
573 3359 709 3424 fideliter
739 3373 830 3425 sonat
861 3358 901 3422 ad
929 3358 1065 3434 literam,
1091 3357 1178 3443 quod
1203 3359 1366 3445 apostolus

410 3461 575 3548 praecipit:
601 3461 730 3544 Siquis
759 3459 858 3522 frater
885 3458 1067 3522 nominatur
1096 3458 1280 3540 fornicator,
1308 3478 1365 3528 aut

409 3586 537 3640 avarus,
552 3578 609 3628 aut
625 3562 717 3626 idolis
732 3562 880 3638 serviens,
895 3583 967 3624 cum
985 3559 1169 3645 hujusmodi
1185 3583 1242 3626 nec
1256 3563 1363 3630 cibum

409 3689 545 3732 sumere.
590 3665 641 3731 Ad
664 3665 723 3728 hoc
746 3686 822 3748 ergo
848 3677 895 3727 est
920 3661 1039 3726 liberali
1063 3662 1173 3728 domui
1191 3665 1303 3751 janua,
1329 3682 1366 3734 ut

410 3766 554 3844 lascivos,
584 3766 778 3840 criminosos,
807 3778 839 3829 et
862 3764 996 3828 infames
1024 3765 1186 3831 excludat.
1232 3769 1283 3834 Ad
1305 3771 1366 3834 hoc

402 3872 577 3955 janitorem
589 3870 697 3946 habet,
713 3881 769 3933 aut
779 3868 956 3948 ostiarium,
968 3890 1006 3930 ne
1022 3867 1095 3953 quis
1105 3868 1242 3934 insulsus
1252 3870 1366 3948 irruat,

408 3985 438 4036 et
451 3986 488 4037 ut
499 3972 539 4036 sit
550 3971 606 4058 qni
618 3970 742 4056 dignos,
752 3984 784 4034 et
793 3968 1018 4042 admittendos,
1030 3983 1209 4034 reverenter
1217 3972 1366 4056 excipiat,

409 4073 541 4140 honeste
564 4073 759 4159 alloquatur,
778 4071 948 4136 solacietur
970 4071 1098 4156 ignotis,
1119 4073 1256 4137 instruat
1279 4075 1369 4136 novi-

410 4175 486 4241 tatis
496 4175 634 4260 ignaros,
642 4186 675 4237 et
686 4195 786 4260 quum
799 4174 1023 4258 opportunitas
1032 4172 1141 4247 fuerit,
1151 4170 1191 4234 ad
1201 4170 1366 4237 dominum

410 4275 605 4340 introducat·
651 4279 711 4339 Est
735 4288 767 4338 et
790 4296 896 4337 rerum
919 4274 1010 4358 copia
1040 4273 1106 4338 siue
1133 4276 1234 4336 luxu:
1253 4273 1367 4356 jocun-

409 4379 493 4443 ditas
523 4380 588 4444 sine
610 4378 762 4442 lascivia:
787 4389 819 4441 et
850 4398 927 4439 usus
958 4396 1063 4438 rerum
1088 4372 1279 4452 licentiosus,
1301 4380 1366 4441 imo
