3550 5467
424 766 487 812 can.
503 749 596 830 xrx.]
768 766 1024 815 eomcns'rrcus
1320 761 1380 819 159

423 918 599 995 conterant,
617 942 722 984 nontie
737 919 903 1005 superflua
918 919 1098 986 sollicitudo
1109 936 1168 1004 est,
1181 925 1250 991 dies
1264 926 1381 991 labori-

421 1044 503 1097 osos,
520 1035 554 1086 et
568 1036 683 1088 noctes
698 1022 857 1085 insomnes
871 1021 998 1100 ducere,
1016 1036 1051 1088 ut
1066 1023 1106 1086 ad
1122 1031 1290 1092 sacrarium
1308 1030 1379 1113 plri-

422 1122 574 1210 loaopbiae
591 1125 772 1188 accedant?

489 1273 606 1328 Dulcius
619 1283 660 1326 est
669 1274 785 1346 jacuisse
798 1277 864 1334 toro,
876 1272 991 1325 tenuisse
1003 1273 1124 1344 puellam,

525 1360 680 1413 Threiciam
691 1360 783 1428 digitis
794 1358 950 1428 increpuisse
961 1358 1051 1427 lyram.

419 1482 490 1544 Aut
502 1478 528 1542 si
541 1481 602 1543 hoc
613 1480 708 1543 nimis
720 1478 849 1541 videtur
860 1500 926 1540 esse
937 1477 1086 1554 arduum,
1099 1481 1247 1566 quoniam
1260 1497 1375 1563 tactus,

416 1579 500 1666 lyrae
517 1601 629 1643 sonum
653 1578 791 1655 eliciens,
814 1600 907 1640 suum
931 1577 1071 1641 laborem
1095 1580 1203 1659 habet,
1217 1596 1249 1646 et
1267 1583 1376 1648 indus-

418 1681 513 1744 triam
530 1680 642 1763 exigit,
655 1679 757 1744 tutius
767 1692 816 1742 est
828 1677 973 1742 exultare
986 1680 1197 1765 quiescentem
1210 1682 1250 1745 ad
1264 1707 1374 1750 sonum

417 1782 511 1869 lyrae,
541 1797 574 1847 et
604 1804 711 1845 rocem
735 1779 857 1866 organi,
881 1793 913 1843 et
936 1796 1048 1866 portas
1070 1783 1210 1847 omniurn
1227 1808 1373 1852 sensuum

418 1885 644 1971 voluptatibus
659 1885 791 1970 aperire.
817 1882 949 1947 Interim
963 1883 1256 1970 philosophantium
1268 1891 1375 1956 studia

416 1986 625 2051 deridentur:
651 1985 676 2049 si
699 1984 777 2071 quid
801 1984 934 2049 auditur
956 1986 1166 2071 incognitum,
1189 1992 1280 2074 quasi
1303 2014 1374 2078 pro-

417 2088 561 2177 phanum
578 2087 891 2169 sit,condemnatur;
915 2102 972 2152 aut
988 2088 1151 2155 siminoris
1163 2106 1222 2170 est,
1234 2109 1372 2159 contem-

415 2192 514 2258 nitur.
532 2190 1372 2277 Namutrationeautauctoritatereprobetur,frustra

413 2305 574 2377 expectas.
622 2291 653 2355 Si
677 2291 798 2355 ratione
822 2291 870 2354 vel
887 2297 1075 2357 auctoritate
1098 2294 1217 2371 niteris,
1240 2319 1371 2362 consue·

414 2394 560 2458 tudinem
584 2417 650 2480 qua
667 2394 856 2470 abutuntur,
880 2407 912 2457 et
928 2418 1023 2481 quam
1039 2396 1195 2477 fecerunt,
1210 2400 1368 2485 objicient.

414 2496 569 2582 Dicitque
584 2517 751 2582 procerum
768 2496 850 2559 alter
864 2494 904 2558 ad
921 2495 1056 2560 alterum
1071 2519 1078 2559 :

486 2643 546 2696 Hoc
558 2650 599 2696 est
610 2662 655 2695 cur
666 2642 755 2714 pallet,
768 2662 811 2696 cur
824 2646 881 2712 quis
894 2662 946 2695 uon
959 2644 1085 2713 prandeat
1097 2644 1145 2695 hnc
1157 2650 1213 2707 est3

482 2729 661 2798 Doctoreaque
672 2736 730 2781 tuos
742 2736 814 2781 curto
828 2736 947 2782 centusse
958 2728 1059 2780 licetur.

414 2868 459 2932 Et
484 2866 627 2952 psallunt
656 2865 686 2929 in
710 2867 831 2930 sobrios
853 2865 887 2929 bi
914 2866 970 2952 qui
994 2864 1109 2930 bibunt
1135 2865 1254 2929 vinum.
1300 2869 1366 2932 Nec

413 2980 517 3030 tamen
532 2967 707 3030 ambitione
726 2980 817 3031 tanta
838 2966 1025 3051 episcopalis
1048 2966 1187 3049 dignitas
1209 2965 1366 3034 duntaxat

412 3082 633 3155 oppugnatur,
658 3093 696 3132 eo
711 3068 799 3154 quod
811 3070 879 3151 jam
903 3068 1035 3130 summis
1057 3081 1089 3130 et
1104 3066 1241 3131 minimis
1256 3068 1364 3133 eadem

410 3185 458 3235 est
473 3170 659 3235 dominandi
676 3170 933 3256 praesidendique
949 3168 1057 3231 libido.
1104 3168 1167 3245 Qui
1183 3172 1267 3232 enim
1283 3171 1367 3257 aspi-

409 3296 478 3338 rare
494 3295 556 3336 non
572 3273 669 3337 audet
685 3272 725 3336 acl
738 3271 935 3346 cathedram,
949 3271 1017 3354 pari
1040 3270 1194 3335 aviditate
1205 3283 1237 3334 et
1248 3272 1365 3336 eisdem

409 3372 564 3439 machinis
579 3374 796 3461 praefecturas,
812 3372 1101 3444 archidiaconatus,
1117 3382 1148 3434 et
1163 3371 1240 3436 alias
1255 3396 1366 3458 aggeo.

408 3476 499 3540 ditur
521 3476 702 3562 dignitates.
749 3476 887 3562 lndulgc
909 3476 936 3538 ei
955 3474 1125 3549 modicum,
1147 3474 1279 3540 audebit
1298 3499 1364 3539 am-

407 3577 522 3663 pliora,
538 3576 688 3665 procedet
704 3577 870 3663 paulatim,
887 3578 1101 3654 reminiscens,
1118 3577 1203 3663 quod

515 3726 652 3780 Audentes
664 3725 766 3779 fortuna
773 3728 859 3799 juvat,

406 3878 437 3929 et
454 3865 551 3929 timor
566 3867 689 3928 animos
703 3863 861 3928 convincit
873 3887 940 3927 esse
952 3863 1132 3948 degeneres,
1163 3867 1298 3930 “Nemo
1315 3892 1362 3932 re·

405 3981 501 4052 pente
517 3965 722 4052 turpissimus
737 3965 830 4030 tuit.'’
875 3965 908 4029 Si
924 3965 1090 4050 paululum
1108 3967 1290 4032 successerit
1305 3972 1361 4045 eis,

404 4068 482 4134 nihil
490 4081 539 4132 est
549 4068 638 4154 quod
648 4091 682 4129 se
692 4068 757 4131 fieri
767 4091 856 4152 posse
867 4090 928 4130 uon
941 4081 1077 4153 sperent.
1101 4067 1243 4130 Tandem
1254 4068 1361 4152 itaque

403 4171 492 4258 quod
509 4170 646 4258 petitur,
662 4169 837 4247 obtinetur,
853 4169 908 4232 sed
927 4186 961 4233 ut
975 4168 1038 4232 dici
1054 4167 1144 4246 solet,
1162 4171 1233 4231 Deo
1248 4168 1339 4229 irato.

508 4305 588 4357 Tunc
599 4321 700 4356 crassos
712 4305 836 4357 transisse
848 4303 914 4365 dies,
926 4302 1060 4370 lucemque
1071 4300 1222 4372 palustrem,

510 4391 546 4440 Et
558 4389 609 4438 sibi
619 4388 675 4456 jam
688 4389 773 4439 miseri
786 4389 866 4439 vitam
879 4403 1003 4452 gemuere
1015 4384 1141 4436 relictam.
