3550 5467
560 749 620 816 tal
814 766 950 813 solutus
966 764 1249 813 mamaearausrs
1356 747 1439 829 [urs.
1454 766 1507 814 ru.

555 920 797 1000 vehementiam,
808 918 1085 1004 reprehensionem
1099 919 1254 995 ineturit3
1277 922 1365 1003 vulgi
1380 921 1504 1006 quidem

555 1023 685 1087 auribus
707 1023 833 1105 gratior,
854 1042 951 1105 quam
972 1021 1201 1106 sapientissimi
1222 1023 1382 1108 cujusque
1403 1025 1503 1087 animo

553 1127 758 1209 probabilior,
789 1136 902 1209 utpote
931 1124 1127 1207 frequentius
1158 1136 1229 1189 tuta
1258 1126 1355 1190 venia
1390 1128 1502 1203 aliena,

553 1250 650 1313 quam
664 1228 863 1312 providentia
877 1249 944 1291 sua.
992 1226 1058 1290 Viri
1072 1239 1178 1292 tamen
1195 1229 1325 1311 optimi,
1336 1241 1371 1295 et
1384 1230 1502 1313 sapien·

552 1328 666 1394 tissimi
680 1342 739 1406 est,
753 1331 899 1394 habenas
913 1331 1022 1392 laxare
1036 1330 1187 1407 libertati,
1201 1341 1235 1394 et
1249 1331 1407 1415 quelibet
1419 1330 1500 1394 dicta

551 1430 623 1513 ejus
636 1431 793 1515 patienter
807 1433 966 1514 excipere.
1011 1430 1076 1494 Sed
1098 1451 1160 1494 nec
1175 1432 1332 1514 operibus
1345 1454 1381 1497 se
1402 1453 1498 1515 oppa

551 1533 610 1610 nit,
625 1532 702 1595 dum
718 1531 1009 1613 virtutisjacturam
1026 1552 1092 1593 uon
1106 1531 1260 1595 incurrat.
1292 1533 1404 1605 erum
1416 1533 1498 1596 euim

551 1655 608 1717 per
633 1654 668 1697 se
694 1633 796 1716 ipsam
820 1633 918 1695 virtus
942 1651 1079 1716 quaeque
1102 1632 1317 1715 resplendeat,
1339 1633 1497 1717 patienti·

549 1736 661 1800 titulus
691 1737 867 1819 gloriosiori
896 1736 1017 1816 fulgore
1055 1735 1211 1798 clarescit
1270 1735 1496 1799 Privernatium

550 1840 691 1924 quidam,
705 1859 805 1922 quum
817 1838 1073 1919 interrogaretur,
1089 1837 1218 1921 qualem
1231 1858 1348 1921 pacem
1362 1837 1498 1902 babituri

548 1953 654 2004 essent
679 1941 795 2025 captivi
821 1940 1032 2018 Priremates,
1058 1939 1119 2002 sibi
1144 1939 1339 2023 impunitate
1370 1939 1497 2017 domn,

547 2042 713 2125 respondit
738 2042 863 2105 consuli
889 2042 1120 2117 Romanorum,
1139 2041 1167 2105 si
1190 2043 1310 2106 bonam
1334 2041 1496 2117 dederitis,

545 2157 749 2226 perpetuam:
785 2144 813 2207 si
840 2145 967 2221 malam,
990 2163 1055 2205 non
1081 2142 1276 2206 diuturnam.
1320 2144 1395 2216 Qua
1420 2162 1496 2207 roes

542 2245 709 2321 libertatis,
723 2266 788 2308 non
813 2246 917 2308 modo·
935 2246 1062 2308 veniam
1083 2243 1268 2308 rebellionis
1288 2246 1496 2309 obtinuerunt

542 2345 752 2422 Priremates,
767 2346 824 2410 sed
840 2347 938 2409 etiarn
956 2346 1148 2410 beneficium
1164 2345 1304 2409 civitatis
1327 2347 1496 2424 Romam

542 2447 618 2533 quia
632 2448 679 2511 sic
700 2447 734 2510 in
753 2458 867 2511 senatu
889 2448 979 2530 loqui
1004 2448 1172 2510 Privernas
1194 2468 1292 2511 ausus
1315 2459 1376 2512 est.
1421 2444 1493 2511 Phi·

541 2550 649 2632 lippus
658 2548 785 2632 quidam
796 2547 947 2611 adversus
955 2547 1100 2610 ordinem
1114 2547 1303 2612 Senatorum
1311 2549 1493 2613 libertatem

541 2651 696 2727 exercuit,
721 2649 952 2732 segnitiemque
977 2669 1036 2731 pro
1061 2649 1169 2712 rostris
1194 2651 1407 2734 exprobrans,
1430 2651 1493 2714 alio

540 2752 602 2816 sibi
628 2763 741 2816 senatu
766 2773 848 2836 opus
874 2772 944 2814 esse
970 2749 1070 2813 dixit:
1110 2771 1171 2814 nee
1197 2761 1306 2814 tamen
1334 2752 1493 2816 senatoria

541 2856 678 2936 gravitas
692 2855 811 2920 moveri
833 2852 948 2937 potnit,
963 2852 1048 2916 sicut
1071 2873 1131 2917 nee
1152 2853 1326 2938 prudentia
1349 2854 1490 2940 Philippi

539 2957 692 3033 consulis,
707 2977 805 3040 quum
821 2954 851 3018 ei
869 2975 889 3016 a
910 2974 964 3016 reo
979 2952 1150 3032 diceretur,
1163 2955 1216 3018 cui
1230 2954 1357 3018 lictoris
1372 2975 1490 3039 proce

538 3070 629 3142 perat
640 3056 728 3142 injici
741 3079 886 3121 manum:
906 3056 981 3118 Non
991 3077 1036 3133 es,
1049 3055 1165 3140 inquit,
1174 3057 1217 3119 mi
1232 3056 1399 3141 Philippa,
1409 3056 1489 3120 mibi

538 3163 663 3237 consul,
678 3161 754 3245 quia
769 3181 827 3224 nec
843 3180 904 3240 ego
920 3158 977 3221 tibi
992 3169 1123 3222 senator
1135 3181 1217 3222 sum.
1262 3160 1378 3241 Magni
1394 3159 1487 3223 Pum-

537 3264 602 3346 peii
617 3264 700 3326 inter
715 3273 846 3326 caeteros
862 3261 896 3323 in
912 3261 972 3324 hac
987 3273 1078 3345 perte
1095 3261 1193 3324 virtus
1208 3261 1336 3325 enituit.
1380 3262 1487 3335 Quum

504 3423 507 3429 ,
536 3367 619 3428 enim
646 3366 767 3428 Cneius
792 3365 878 3442 Piso,
901 3362 1051 3426 Mallium
1078 3360 1228 3447 Crispum
1253 3383 1346 3427 reum
1372 3374 1487 3446 ageret,

536 3487 674 3549 eumque
702 3466 867 3529 evidenter
896 3477 1076 3543 nocentem,
1104 3465 1250 3548 Pompeii
1280 3466 1381 3547 gratia
1410 3465 1485 3550 eripi

535 3567 667 3644 videret,
684 3567 822 3650 juvenili
845 3566 968 3649 impetu
989 3587 1028 3630 ac
1050 3566 1158 3629 studio
1180 3565 1221 3629 ad
1248 3567 1485 3632 aestuationem

533 3679 712 3752 prot-ectus,
737 3668 836 3730 multa
861 3679 894 3729 et
920 3668 1035 3749 gravia,
1053 3669 1188 3732 crimina
1213 3670 1406 3752 praepotenti
1430 3667 1485 3731 da-

532 3765 650 3832 t'ensori
676 3765 806 3851 objecit.
852 3767 1071 3847 Interrogatus
1092 3766 1208 3831 deiude
1234 3770 1277 3831 ab
1302 3788 1343 3832 en
1369 3789 1427 3833 cur
1450 3788 1484 3831 ss

530 3891 649 3955 praeses
678 3890 808 3952 quoqne
835 3889 903 3932 non
932 3881 1116 3933 accusaret:
1155 3869 1207 3947 da,
1235 3870 1355 3954 inquit,
1387 3882 1421 3934 et
1448 3880 1483 3933 tn

530 3993 647 4057 preses
676 3971 878 4055 Reipublicae
908 3982 951 4045 te,
980 3970 1008 4032 si
1038 3973 1219 4053 postulatus
1247 3971 1359 4051 fueris,
1388 3971 1481 4037 eii-ile

528 4074 650 4139 bellum
666 4094 731 4140 non
747 4072 972 4143 excitaturum,
988 4081 1021 4133 et
1036 4091 1098 4152 ego
1112 4072 1207 4135 etiam
1231 4071 1272 4135 de
1296 4085 1363 4152 tuo,
1379 4073 1480 4160 priua

528 4199 624 4263 quam
641 4175 681 4239 de
704 4174 811 4238 Mallii
826 4172 944 4256 capite,
958 4170 993 4234 in
1008 4174 1175 4236 consilium
1193 4172 1327 4258 judices
1347 4176 1477 4239 mittam.

526 4282 577 4343 lta
601 4278 712 4342 eodem
734 4274 863 4358 judicio
888 4274 971 4336 duos
996 4273 1147 4338 sustinuit
1171 4296 1254 4347 reos,
1270 4277 1476 4340 aemsations

523 4381 684 4458 Mallium,
697 4377 843 4441 libertate
868 4375 1069 4458 Pompeium,
1084 4386 1242 4440 eteorum
1257 4377 1395 4442 alterum
1409 4379 1475 4458 lege
