3550 5467
424 736 488 794 ala
685 745 822 790 minuis
838 741 1118 788 saussuuumusrs
1214 724 1296 804 [um.
1312 742 1376 786 vm.

496 898 580 950 Thais
588 897 636 947 boc
646 895 709 949 mihi
720 893 854 963 responde,
864 910 943 962 quum
954 892 1001 944 tibi
1015 893 1049 944 do
1058 894 1139 946 istam
1151 895 1290 961 virginem,
1300 893 1375 944 dixtin

564 976 954 1033 hosdiesmihisolidaretei

425 1077 523 1140 Thais
536 1102 542 1139 :

770 1182 842 1245 Quid
855 1188 910 1234 tum
921 1183 1034 1253 paea?

427 1278 610 1344 concedere
625 1277 765 1353 videtur,
780 1299 854 1363 qua
870 1299 931 1340 non
948 1293 1055 1363 negat.
1103 1275 1256 1341 Thraso:

513 1385 551 1436 At
563 1385 626 1436 mihi
638 1390 699 1436 aute
712 1383 799 1436 oculos
810 1403 897 1437 coram
909 1392 1052 1437 amatorem
1063 1385 1179 1438 adduxti
1192 1394 1275 1438 tuum.

429 1479 470 1544 Et
485 1478 561 1544 illa:

748 1588 819 1651 Quid
831 1606 891 1640 eum
904 1606 935 1641 eo
946 1587 1058 1656 litigas?

424 1690 510 1752 Ecce
526 1685 602 1772 quia
616 1685 726 1749 amicte
741 1683 929 1770 patrocinio,
956 1707 1013 1748 nec
1030 1684 1130 1749 verba
1155 1685 1286 1748 miscere
1308 1706 1367 1746 cun

424 1788 516 1852 rivali
530 1788 653 1854 licitum
669 1799 736 1851 est:

600 1894 668 1948 Cum
680 1912 720 1958 eo,
733 1895 825 1962 inquit,
837 1892 905 1944 clam
916 1899 944 1945 te
956 1892 1083 1946 subduxti
1096 1893 1171 1946 mihi.

425 1991 469 2054 Et
485 1989 558 2053 illa:

492 2098 590 2158 Libuit,
601 2098 694 2166 inquit.
732 2095 898 2167 Pamphilam
916 2113 979 2163 ergo
996 2096 1077 2148 redde
1093 2095 1154 2159 lunc,
1166 2097 1216 2150 uisi
1229 2114 1288 2150 eam
1299 2099 1369 2150 marin

565 2198 638 2252 eripi.

422 2275 566 2363 AEquum
583 2289 615 2340 et
626 2277 750 2360 justum
764 2276 892 2341 videtur
903 2293 1022 2363 petere,
1035 2300 1138 2362 quum
1153 2279 1256 2364 repeti
1269 2279 1370 2364 possit,

420 2376 506 2464 quod
529 2376 571 2440 ob
593 2397 719 2438 causam
740 2374 851 2440 datum
873 2391 933 2454 est,
952 2376 977 2439 si
998 2398 1036 2439 ea
1056 2389 1168 2441 secuta
1187 2400 1250 2441 uon
1270 2379 1369 2442 luerit.

421 2477 506 2557 Quid
533 2475 655 2540 multa?
694 2474 746 2538 Ad
772 2475 941 2541 clamorem
968 2477 1142 2541 meretricis
1172 2479 1369 2554 contribules,

419 2580 665 2664 convicaneique
679 2580 884 2655 conveniunt,
898 2579 994 2644 turba
1004 2579 1053 2653 lit,
1064 2581 1262 2645 convitiatur
1277 2580 1369 2655 miles,

419 2682 539 2768 petenti
575 2681 697 2745 viribus
726 2695 758 2745 et
788 2685 865 2767 jure
899 2680 1069 2761 resistitur,
1100 2681 1370 2769 denunciaturqoe

418 2785 571 2849 furcifero
585 2784 727 2848 omnium
749 2784 956 2868 ineptissimo,
974 2798 1011 2849 ut
1034 2784 1178 2870 linguam
1201 2808 1370 2872 manusque

419 2887 590 2964 contineat,
605 2886 682 2972 quia
703 2886 728 2950 si
752 2886 917 2973 quippiam
940 2887 1045 2951 turboe
1068 2887 1191 2964 iecerit,
1207 2901 1267 2953 aut
1286 2888 1369 2952 moli·

417 2991 522 3069 minis,
544 2987 604 3053 sibi
631 2986 705 3065 loci,
727 2988 803 3067 diei,
826 2989 1019 3074 tortorisque
1041 2991 1194 3054 memoria
1215 2992 1369 3055 inustione

417 3089 592 3174 signorum,
609 3089 818 3175 promittitur,
830 3093 860 3154 in
877 3113 949 3153 eum
962 3091 1195 3176 protendenda.
1237 3092 1370 3156 interro

416 3206 543 3276 gentem
568 3216 600 3255 se
618 3192 716 3256 Thais
738 3215 880 3278 quaerere
898 3193 993 3279 jubet
1012 3192 1068 3279 qui
1089 3195 1282 3281 respoudeat
1303 3191 1367 3258 sibi.

417 3292 512 3357 Miles
531 3314 628 3379 opera
655 3308 686 3356 et
710 3314 743 3355 re
764 3293 902 3378 perdita,
925 3293 1051 3376 cogitur
1078 3293 1182 3358 redire
1203 3295 1367 3379 inglorius,

417 3395 461 3457 Et
478 3397 563 3457 hunc
577 3395 715 3457 fructum
729 3409 892 3479 reportant
905 3395 1008 3459 miseri
1020 3411 1194 3471 amatorem
1216 3421 1256 3460 eo
1267 3410 1367 3461 tamen

415 3493 538 3569 eddito,
555 3494 641 3579 quod
659 3495 740 3558 alius
765 3495 870 3569 rebus,
886 3518 967 3581 quus
990 3495 1033 3558 illi
1056 3496 1280 3582 perdiderunt.
1295 3499 1368 3562 abu·

416 3594 505 3658 titur.
552 3595 608 3668 Et,
625 3618 691 3679 quo
708 3597 808 3679 magis
823 3594 963 3673 doleant,
978 3595 1032 3681 qui
1048 3620 1101 3660 eas
1122 3600 1282 3664 meretrici
1302 3621 1367 3663 sur·

414 3693 524 3779 ripuit,
545 3694 605 3758 sibi
631 3697 815 3760 successisse
838 3718 898 3759 non
927 3710 1030 3781 putat,
1055 3698 1114 3761 uisi
1141 3700 1312 3765 stultitiam
1328 3705 1365 3764 'et

412 3794 586 3860 infortunia
613 3798 801 3874 amantium,
831 3820 970 3882 suosque
1000 3821 1164 3864 successus
1192 3803 1225 3865 iu
1256 3803 1364 3867 auditu

411 3899 551 3962 omnium
582 3912 782 3985 praeconetur
810 3915 841 3963 et
872 3898 1024 3984 publicet.
1084 3902 1171 3966 Audi
1203 3904 1363 3970 cineram

410 4001 570 4065 occultum
601 4001 677 4065 dare
709 4000 882 4087 Pamphila
912 4018 1142 4087 corruptorem.
1187 4003 1275 4082 Quid
1306 4027 1363 4068 me·

414 4105 524 4170 retrice
538 4104 681 4190 decepta,
696 4103 847 4189 loquatur
861 4103 1037 4186 egrediens.

482 4213 554 4265 Num
565 4215 622 4282 quis
633 4213 675 4264 hic
687 4216 744 4263 est?
774 4210 861 4262 Nemo
872 4218 921 4262 est.
958 4210 1100 4279 Numquis
1117 4212 1160 4266 bic
1182 4233 1225 4268 me
1237 4217 1361 4286 seqnitur?

549 4296 773 4350 nemohomoest.

477 4388 585 4438 ‚im-ne
596 4398 728 4454 emmpere
740 4380 787 4432 boe
799 4380 860 4433 lieet
872 4380 936 4433 mibi
949 4380 1092 4448 gaudium?
1125 4383 1197 4437 Proh
1209 4387 1319 4460 Jupiter,
