3550 5467
401 764 465 823 218
656 775 792 820 rosunrs
807 772 1096 821 snassunmsusm
1191 755 1276 835 [nm.
1291 774 1353 818 rm.

400 928 554 1011 imperare
568 926 753 1010 gloriosum,
765 927 855 1012 prius
865 925 951 990 omni
963 924 1076 989 studio
1087 922 1238 999 liberam,
1249 923 1353 988 deinde

400 1028 558 1091 dominam
574 1050 642 1089 esse
655 1028 896 1110 concupierunt.
926 1026 1021 1090 Prius
1032 1024 1119 1088 enim
1133 1046 1198 1110 pro
1207 1023 1351 1101 libertate,

400 1127 515 1190 deinde
529 1148 587 1211 pro
601 1126 743 1190 dominio
753 1139 907 1190 certaturn
925 1138 983 1190 est.
1011 1128 1162 1190 Fuerunt
1175 1138 1279 1188 tamen
1290 1126 1353 1210 qui·

401 1228 462 1292 bus
471 1230 610 1313 justitia,
620 1242 776 1313 quantum
789 1228 900 1312 gentili
911 1227 1064 1307 dabatur,
1074 1226 1266 1302 sufficiebat,
1275 1230 1352 1313 cupi-

400 1331 501 1396 ditate
516 1330 665 1394 deducta.
696 1330 776 1394 Aliis
790 1329 867 1394 nibil
884 1332 960 1393 satis
975 1344 1056 1405 erat,
1073 1330 1130 1394 sed
1147 1331 1211 1394 sub
1226 1329 1351 1413 imagine

402 1432 670 1516 magnanimitatis
684 1431 733 1494 vel
749 1430 957 1517 impossibilia
973 1446 1220 1514 praesumentes,
1236 1431 1350 1496 laudem

403 1534 572 1598 maximam
593 1535 882 1619 consequebantur,
897 1546 928 1596 et
943 1533 1091 1615 gloriam.
1129 1536 1244 1617 Longe
1262 1533 1351 1617 igitur

403 1635 507 1700 virtus
536 1636 668 1702 Catonis
693 1636 821 1700 videtur
850 1634 978 1699 veritati
1007 1636 1225 1722 propinquior
1253 1635 1351 1713 fuisse,

404 1761 501 1822 quam
526 1739 670 1802 Caesaris.
715 1737 810 1811 Quod
832 1761 872 1800 ex
899 1737 969 1822 ipsa
992 1741 1152 1802 sententia
1175 1739 1246 1822 ejus
1270 1737 1352 1801 facile

404 1840 552 1926 liquebit.
598 1841 716 1914 Nolite,
739 1840 855 1926 inquit,
873 1840 1058 1903 existimare
1080 1841 1218 1923 majores
1239 1856 1353 1903 nostros

404 1944 500 2007 armis
516 1944 742 2028 rempublicam
761 1965 801 2006 ex
816 1965 914 2028 parra
932 1964 1081 2024 magnam
1097 1941 1221 2006 fecisse.
1267 1941 1355 2007 Silta

403 2056 496 2118 esset,
513 2043 612 2108 multo
628 2043 872 2129 pulcherrimam
893 2066 962 2107 eam
978 2066 1037 2106 nos
1059 2044 1253 2108 haberemus
1268 2065 1353 2106 nunc.

404 2146 532 2229 Quippe
543 2146 700 2208 sociorum
716 2159 812 2231 atque
824 2146 958 2219 civium,
982 2159 1141 2230 proeterea
1151 2169 1311 2210 armorum
1325 2161 1353 2208 et

402 2267 557 2330 equorum
574 2248 675 2331 major
688 2251 781 2330 copia
797 2247 897 2326 nobis,
911 2270 1008 2332 quarn
1024 2247 1100 2323 illis,
1115 2261 1176 2312 est.
1224 2247 1285 2312 Sed
1299 2246 1356 2310 alia

403 2348 492 2412 fuere
504 2371 575 2434 quae
586 2348 659 2411 illos
674 2351 758 2412 viros
770 2372 902 2434 magnos
913 2352 1070 2430 fecerunt,
1079 2374 1156 2436 quae
1172 2350 1264 2415 nobis
1275 2349 1356 2414 nulla

404 2464 497 2515 sunt:
522 2451 617 2514 Domi
634 2450 805 2528 industria,
817 2452 895 2516 foris
903 2453 1026 2538 justum
1044 2453 1226 2537 imperium,
1237 2453 1356 2527 animus

404 2552 438 2616 in
458 2552 651 2616 consulendo
669 2552 760 2632 liber,
776 2576 878 2639 neque
893 2554 1021 2635 delicto,
1035 2576 1142 2640 neque
1157 2554 1283 2619 libidini
1304 2554 1357 2617 ob-

405 2655 528 2720 noxius.
567 2657 630 2720 Pro
644 2655 693 2719 bis
711 2678 768 2719 nos
788 2657 942 2719 babemus
958 2656 1122 2719 luxuriam
1141 2669 1242 2743 atque
1262 2655 1357 2719 arari-

407 2757 495 2835 tiam,
510 2758 637 2842 publice
655 2772 839 2842 egestatem,
854 2759 1003 2844 privatim
1027 2759 1239 2845 opulentiam.
1276 2758 1357 2821 Lau·

405 2859 520 2923 damus
541 2860 681 2939 divitias,
702 2860 864 2944 sequimur
890 2859 1049 2924 inertiam.
1096 2865 1188 2926 Inter
1210 2861 1309 2924 bonos
1328 2875 1357 2923 et

406 2962 516 3037 malos,
545 2961 711 3025 discrimen
742 2961 875 3027 nullum.
921 2963 1038 3025 Omnia
1069 2963 1201 3027 virtutis
1231 2961 1357 3048 praemia

405 3065 538 3127 ambitio
560 3064 710 3149 possidet.
747 3065 861 3149 Neque
881 3064 1009 3140 mirum,
1034 3065 1089 3128 ubi
1114 3088 1170 3128 roe
1193 3064 1358 3151 separatim

405 3167 466 3229 sibi
489 3166 627 3252 quisque
649 3165 778 3230 consilia
800 3166 925 3250 capitis,
942 3167 996 3230 ubi
1020 3166 1109 3229 domi
1130 3167 1359 3252 voluptatibus,

405 3269 479 3332 binc
495 3270 637 3351 pecuniae
659 3283 714 3332 aut
730 3268 843 3353 gratiae
866 3269 1000 3332 servitis.
1039 3271 1092 3332 Eo
1106 3269 1143 3334 fit
1168 3285 1205 3333 ut
1226 3273 1360 3354 impetus

404 3374 459 3436 fiat
470 3373 500 3436 in
512 3396 643 3436 vacuam
655 3372 892 3460 rempublicam.
909 3377 1089 3438 Paucorum
1100 3373 1203 3457 igitur
1214 3370 1359 3438 virtusad

404 3474 550 3556 gloriam,
567 3472 730 3551 bonorem,
741 3475 921 3559 imperium,
938 3497 1012 3537 vera
1029 3475 1091 3553 via,
1101 3475 1135 3538 id
1152 3489 1201 3540 est
1217 3479 1288 3560 ipsa
1302 3474 1359 3537 vir·

405 3588 476 3637 tute
487 3575 772 3652 nitentium,etiam
786 3600 803 3640 a
818 3581 940 3643 Catone
955 3577 1086 3641 landate
1099 3592 1158 3644 est.
1203 3581 1286 3643 Haec
1297 3589 1360 3641 erat

404 3676 490 3739 domi
506 3676 675 3752 industria,
691 3701 787 3763 quarn
805 3684 888 3746 Cato
908 3694 1145 3755 commemorat,
1162 3696 1200 3745 ut
1216 3681 1357 3744 aerarium

404 3791 485 3842 esset
502 3777 703 3864 opulentum,
719 3793 831 3844 tenues
846 3803 895 3844 res
910 3782 1054 3867 privatae.
1089 3782 1190 3846 Unde
1204 3784 1360 3867 corruptis

405 3880 546 3945 moribus
562 3879 674 3944 vitium
692 3887 880 3946 econtrario
892 3883 1012 3969 posuit,
1027 3883 1159 3966 publice
1177 3897 1358 3968 egestatem,

404 3982 552 4069 privatim
574 3984 781 4068 opulentiam.
830 3986 904 4070 lpse
928 3984 1060 4048 Tullius
1079 3984 1141 4049 boc
1163 3985 1358 4050 dissimulare

406 4109 467 4150 non
482 4088 586 4173 potuit
602 4089 633 4151 in
650 4087 768 4151 eisdem
786 4087 886 4161 libris,
901 4110 980 4172 quos
995 4086 1034 4150 de
1047 4087 1215 4174 republica
1226 4087 1358 4174 scripsit,

405 4190 462 4253 ubi
485 4190 630 4275 loquitur
652 4189 692 4251 de
715 4189 911 4253 instituendo
933 4189 1076 4273 principe
1097 4189 1251 4268 civitatis,
1267 4210 1357 4274 quem

404 4293 481 4356 dicit
493 4293 639 4357 alendum
653 4315 719 4354 esse
729 4292 841 4375 gloria,
851 4305 882 4355 et
894 4305 1124 4376 consequenter
1135 4305 1358 4357 commemorat

405 4396 539 4479 majores
555 4417 628 4458 suos
643 4394 745 4458 multa
760 4395 839 4458 mira
853 4407 951 4478 atque
973 4393 1125 4478 praeclara
1139 4394 1254 4479 gloriae
1274 4395 1357 4481 cupi·
