3550 5467
272 767 343 811 cre.
359 752 448 826 xxa]
630 767 882 813 roarcasrrcus.
1165 757 1228 815 345

270 917 450 1003 Episcopos
464 940 541 1001 ergo
562 917 595 979 iu
616 916 747 980 exilium
768 917 964 1004 deportatus,
974 919 1071 1004 jussit
1088 920 1224 995 evocari,

270 1032 302 1081 et
318 1020 507 1082 confiscatas
526 1041 634 1083 eorum
649 1017 709 1081 sibi
727 1018 817 1082 reddi
838 1019 1041 1084 substantias.
1088 1021 1227 1108 Templa

271 1138 403 1202 quoque
419 1138 615 1201 paganorum
632 1115 779 1180 velociter
795 1117 860 1181 suis
876 1118 1057 1182 necessariis
1071 1119 1226 1204 praecepit

270 1217 406 1302 aperire,
427 1231 459 1282 et
482 1242 556 1302 quoe
577 1216 616 1281 iis
641 1217 747 1280 ablata
768 1218 908 1298 fuerant,
930 1219 1151 1283 incunctanter
1176 1243 1225 1284 re-

270 1319 404 1383 stituere
414 1319 554 1384 sancivit.
574 1319 694 1383 Palatio
707 1318 832 1404 expulit
843 1320 1017 1396 eunuchos,
1030 1335 1182 1400 tonsores,
1193 1337 1224 1388 et

271 1447 401 1509 coquos.
435 1424 611 1489 Eunuchos
622 1422 763 1508 quidem,
775 1422 909 1508 eoquod
923 1444 1004 1486 uxor
1014 1425 1083 1509 ejus
1091 1425 1224 1505 obierat,

270 1537 464 1611 postquam
491 1547 552 1587 non
579 1523 673 1588 duxit
699 1523 803 1586 aliam.
849 1523 980 1609 Coquos
1005 1538 1122 1604 autem,
1150 1528 1224 1612 quia

271 1648 359 1689 more
369 1625 551 1712 philosophi
562 1625 641 1689 cibis
652 1623 848 1709 simplicibus
860 1624 1019 1688 utebatur.
1056 1626 1226 1707 Tonsores,

271 1728 436 1811 quoniam,
450 1743 485 1793 ut
500 1729 568 1813 ipse
583 1731 640 1802 ait,
657 1750 739 1792 unus
754 1726 872 1792 sufficit
884 1727 1002 1792 multis.
1050 1728 1225 1814 Scriptores

269 1831 446 1914 plurimum
481 1829 702 1906 venerabatur,
735 1827 937 1914 cultoresque
974 1828 1224 1915 disciplinarum,

271 1931 325 1994 sed
343 1932 479 1995 maxime
495 1932 763 2019 philosophantes.
808 1930 905 1994 Unde
920 1944 952 1995 et
967 1932 1052 1994 fama
1067 1932 1151 1996 viros
1166 1932 1225 1997 hu-

267 2034 411 2118 jusmodi
432 2034 575 2117 undique
596 2030 811 2119 congregabat
834 2036 917 2096 circa
937 2032 1067 2117 palatia,
1090 2034 1145 2120 qui
1166 2035 1226 2098 cir-

274 2136 452 2200 cumamicti
482 2135 596 2221 palliis,
626 2138 727 2219 magis
762 2134 886 2210 habitu,
916 2157 1013 2220 quam
1043 2136 1225 2220 magisterio

274 2237 486 2322 pandebatur.
532 2239 699 2324 Erantque
720 2261 834 2323 graves
859 2236 1014 2302 universis
1036 2238 1225 2305 Christianis

272 2338 453 2403 seductores
480 2341 549 2419 viri,
570 2353 602 2404 et
628 2341 833 2426 Imperatoris
856 2363 980 2427 semper
1010 2340 1154 2427 religioni
1179 2343 1225 2406 fa·

274 2454 392 2507 ventes.
439 2443 596 2506 Noctibus
619 2442 754 2526 vigilans
771 2441 990 2508 conscribebat
1014 2443 1121 2519 libros,
1142 2466 1225 2531 quos

274 2543 305 2605 in
320 2547 439 2609 Senatu
454 2543 585 2630 publice
598 2544 761 2606 recitabat.
790 2543 883 2607 Solus
898 2544 981 2605 enim
999 2543 1232 2629 imperatorum⁴

272 2666 291 2706 a
304 2648 323 2708 J
328 2643 392 2708 ulio
409 2648 534 2709 Caesare
550 2645 582 2705 in
597 2642 685 2705 curia
697 2642 839 2705 recitavit
851 2643 1017 2705 orationes.
1055 2643 1225 2708 Publicum

270 2768 399 2809 cursum
416 2743 587 2816 mularum,
603 2754 635 2805 et
654 2741 848 2805 caballorum
869 2741 1023 2819 inhibuit,
1038 2744 1158 2828 jubens
1172 2768 1225 2809 eos

272 2848 467 2912 utilitatibus
477 2842 612 2928 publicis
622 2843 802 2908 ministrari.
814 2846 902 2924 ,Haec
908 2844 978 2930 ejus
987 2867 1083 2929 opera
1092 2844 1225 2911 laudant

271 2951 377 3036 pauci,
400 2946 594 3033 plurimique
616 2947 812 3031 vituperant,
830 2948 905 3032 quia
925 2963 1046 3012 remoto
1063 2949 1149 3013 fastu
1171 2972 1225 3035 pa-

270 3052 352 3126 latii,
368 3045 608 3131 contemptibile
630 3049 776 3112 videatur
792 3049 971 3134 imperium.
1017 3049 1114 3136 Apud
1130 3052 1225 3115 Sozo-

271 3174 399 3217 menum
420 3151 534 3228 fertur,
549 3153 626 3236 quia
647 3173 721 3214 mox
741 3154 773 3215 in
796 3151 866 3235 ipso
880 3150 1038 3236 principio
1058 3151 1102 3216 sic
1116 3166 1225 3238 aperte

269 3269 302 3321 et
317 3253 520 3340 impudenter
542 3249 669 3335 negavit
690 3251 901 3317 Christianam
917 3253 1024 3332 fidem,
1039 3266 1075 3317 ut
1091 3254 1225 3339 quibus·

270 3358 343 3421 dam
371 3354 530 3420 sacrificiis
556 3367 588 3419 et
614 3353 877 3431 invocationibus,
905 3378 985 3441 quas
1007 3355 1225 3442 expeditioues

273 3461 387 3547 pagani
404 3471 528 3533 vocant,
544 3472 576 3521 et
593 3457 746 3542 sanguine
767 3456 968 3521 immolatitio
987 3470 1129 3523 nostrum
1145 3459 1224 3546 bap·

272 3564 365 3626 tisma
388 3563 531 3626 studeret
561 3559 661 3637 ablui,
688 3573 719 3624 et
749 3560 977 3625 abrenunciare
1005 3559 1224 3630 ecclesiasticae

270 3665 467 3729 confessioni.
521 3668 574 3729 Ex
603 3662 660 3726 illo
690 3665 774 3727 enim
805 3676 959 3749 tempore,
986 3678 1052 3729 tam
1079 3666 1223 3731 secretim

272 3789 369 3852 quam
390 3765 528 3850 publice,
543 3778 576 3829 et
591 3765 624 3827 in
648 3765 773 3850 templis
789 3767 906 3849 pagani
928 3765 1058 3829 licenter
1073 3767 1226 3830 sacrificia

270 3869 481 3932 celebrabant.
528 3868 646 3931 Fertur
666 3879 772 3930 autem
793 3867 871 3953 quia
892 3867 970 3931 dum
985 3867 1158 3953 aliquando
1174 3890 1222 3931 sa·

270 3970 436 4048 crilicaret,
451 3979 611 4033 ostensum
628 3972 668 4034 sit
683 3968 712 4032 ei
727 3969 759 4032 iu
777 3968 950 4033 visceribus
965 3968 1077 4032 hostioe
1093 3969 1219 4048 signum

270 4071 372 4134 crucis
393 4094 508 4135 corona
531 4069 773 4133 circumdatum.
819 4069 892 4144 Quo
916 4068 993 4145 viso,
1016 4066 1069 4129 ulii
1095 4064 1224 4149 quidem

268 4175 439 4259 perterriti,
456 4197 538 4237 verae
554 4172 715 4256 religionis
731 4169 892 4246 virtutem,
908 4186 939 4234 et
954 4166 1125 4232 Christiani
1141 4165 1221 4251 dog-

269 4277 362 4339 matis
376 4278 586 4340 aeternitatem
602 4271 840 4344 intellexerunt,
855 4292 893 4331 eo
915 4269 1000 4353 quod
1025 4288 1139 4329 corona
1155 4266 1220 4330 vic·

268 4379 358 4440 toriae
375 4375 525 4439 indicium
541 4385 599 4448 est,
616 4385 647 4434 et
664 4369 803 4432 ambitus
819 4367 989 4442 circularis,
1003 4367 1033 4429 in
1050 4390 1082 4430 se
1099 4366 1222 4431 rediens
