3550 5467
301 770 371 817 cuv.
387 755 475 833 vna]
652 772 911 819 noavcanrrcus.
1214 763 1253 821 tl

300 923 401 1000 miles,
412 924 469 988 sed
485 925 618 988 sicarius
632 939 717 989 recte
733 927 924 990 nominatur.
964 926 1047 989 Nam
1063 927 1096 989 in
1112 937 1253 992 veterum

299 1025 425 1109 scriptis
448 1027 553 1089 sicarii
576 1026 726 1091 dicuntur
748 1043 780 1092 et
804 1029 955 1107 latrones,
977 1028 1159 1113 quicunque
1181 1031 1252 1112 lege

298 1149 363 1190 non
397 1131 614 1212 praecipiente,
643 1152 730 1194 arma
768 1140 934 1194 tractant:
972 1135 1071 1194 Arma
1099 1154 1251 1217 namque,

298 1229 415 1310 quibus
444 1232 499 1294 lex
528 1253 594 1294 non
625 1233 735 1308 utitur,
763 1232 868 1312 legem
898 1232 1100 1314 impugnant.
1157 1233 1251 1298 Duos

296 1331 419 1411 gladios
441 1335 586 1396 sufficere
608 1333 743 1416 imperio
765 1333 962 1408 Christiano,
978 1333 1136 1415 evangelii
1160 1356 1251 1398 sacra

296 1441 428 1494 testatur
450 1434 603 1509 historia3
633 1456 745 1497 omnes
769 1433 824 1496 alii
850 1454 961 1496 eorum
984 1445 1068 1508 sunt,
1092 1435 1146 1517 qui
1174 1457 1251 1501 cum

295 1531 411 1612 gladiis
437 1544 470 1596 et
498 1534 638 1597 fustibus
667 1533 838 1609 accedunt,
865 1546 900 1596 ut
929 1535 1090 1614 captivum
1121 1537 1251 1620 capiant

296 1633 473 1710 Christum,
498 1657 615 1697 nomen
642 1635 713 1717 ejus
740 1635 847 1698 delere
874 1635 1051 1718 cupientes.
1096 1637 1150 1699 Illi
1175 1659 1250 1719 ergo

297 1735 377 1816 quid
398 1736 521 1798 habent
541 1736 663 1808 militis,
687 1736 744 1819 qui
766 1735 872 1797 vocati
894 1756 937 1796 ex
960 1748 1160 1798 sacramento
1186 1758 1251 1800 non

296 1839 521 1920 obtemperant
534 1839 608 1919 legi,
623 1837 680 1900 sed
697 1839 728 1900 in
746 1859 784 1900 eo
805 1836 926 1899 militiae
943 1857 1009 1898 suoe
1024 1837 1157 1916 gloriam
1174 1859 1252 1901 con-

296 1950 379 2001 stare
409 1937 554 2016 credunt,
580 1939 607 2001 si
637 1937 877 2020 contemptibile
903 1937 944 1999 sit
969 1935 1197 2015 sacerdotium,
1224 1942 1251 2004 si

295 2040 440 2101 ecclesia·
472 2041 602 2102 vilescat
624 2039 807 2113 auctoritas,
829 2037 857 2099 si
885 2037 930 2100 ita
953 2036 1154 2101 dilataverint
1179 2061 1249 2123 reg-

295 2163 370 2203 num
400 2142 550 2220 hominis,
576 2154 612 2204 ut
638 2142 759 2204 Christi
786 2141 954 2222 imperium
984 2141 1249 2221 contrahatur,ai

295 2242 406 2305 laudes
436 2263 509 2305 suas
539 2243 724 2325 praedicent,
750 2255 782 2305 ct
807 2241 932 2324 seipsos
962 2241 1050 2304 falsis
1080 2245 1250 2325 praeconiis

296 2345 458 2406 mulceant
486 2358 517 2408 et
550 2346 719 2422 extollant,
749 2366 822 2407 cum
858 2344 1003 2407 irrisione
1038 2343 1249 2424 audientium,

296 2445 455 2508 imitantes
480 2447 611 2509 militem
637 2446 820 2527 gloriosum.
867 2446 993 2507 Horum
1020 2445 1119 2507 virtus
1145 2446 1179 2508 in
1210 2469 1248 2510 eo

295 2544 433 2605 maxime
458 2543 622 2619 elucescit,
641 2545 669 2605 si
696 2544 828 2618 clerum,
856 2554 889 2606 et
910 2543 1064 2605 inermem
1091 2543 1248 2618 militiam,

294 2656 349 2708 aut
366 2646 495 2727 linguis,
510 2660 565 2709 aut
586 2647 659 2709 telis
682 2645 876 2709 confodiant
923 2642 989 2707 Sed
1009 2644 1082 2726 quis
1103 2654 1152 2706 est
1172 2667 1250 2710 usus

294 2748 414 2810 militiae
443 2746 619 2811 ordinatae?
658 2747 755 2810 Tueri
782 2745 966 2817 ecclesiam,
993 2743 1163 2826 perfidiam
1188 2746 1249 2808 im-

294 2868 446 2929 pugnare,
462 2848 678 2911 sacerdotium
699 2846 852 2924 venerari,
869 2864 1047 2929 pauperum
1062 2845 1250 2926 propulsare

293 2948 436 3030 injurias,
456 2972 571 3032 pacare
592 2949 798 3033 provinciam,
822 2969 880 3030 pro
903 2947 1063 3025 fratribus,
1085 2957 1121 3009 ut
1143 2968 1250 3012 sacra·

294 3051 394 3111 menti
424 3051 519 3112 docet
547 3049 730 3130 conceptio,
758 3047 895 3110 fundere
930 3048 1128 3127 sangninem,
1156 3060 1189 3111 et
1222 3053 1249 3113 si

296 3170 378 3232 opus
393 3159 453 3226 est,
467 3150 606 3212 animam
626 3169 755 3231 ponere.
801 3148 1032 3210 Exultationcs
1052 3149 1115 3209 Dei
1131 3149 1165 3210 in
1180 3161 1251 3231 gut·

295 3265 366 3314 tuve
382 3271 501 3326 eorum,
517 3262 549 3312 et
564 3249 664 3330 gladii
678 3249 836 3330 aucipites
855 3248 889 3310 in
910 3248 1059 3310 manibus
1074 3269 1193 3328 eorum,
1208 3251 1250 3315 ad

294 3351 474 3415 faciendam
496 3351 670 3415 vindictam
691 3351 724 3413 in
743 3349 939 3427 nationibus,
959 3349 1194 3432 increpationes
1214 3354 1249 3416 iu

293 3456 440 3540 populis;
462 3455 504 3518 ad
524 3453 702 3536 alligandos
721 3474 813 3534 reges
835 3453 1001 3515 commin
1025 3453 1247 3536 compedibus,

293 3573 324 3622 et
339 3558 463 3620 nobiles
481 3557 515 3619 in
538 3555 674 3619 manicis
693 3555 810 3618 ferreis.
855 3552 920 3618 Sed
942 3577 1006 3639 quo
1022 3554 1107 3618 fine?
1144 3559 1195 3621 An
1210 3572 1246 3624 ut

292 3661 400 3735 furori,
423 3659 566 3730 vanitati,
588 3657 726 3720 avaritiae
749 3655 898 3734 serviant,
913 3677 954 3720 an
976 3658 1110 3740 propriae
1133 3661 1246 3723 volun.

292 3761 369 3827 tati?
409 3763 630 3845 Nequaquam.
675 3758 741 3823 Sed
762 3767 799 3821 ut
819 3759 940 3822 saciant
962 3759 995 3821 in
1021 3759 1068 3822 eis
1085 3746 1244 3843 judicium

292 3862 521 3945 conscriptum,
543 3862 577 3923 in
600 3880 664 3942 qno
689 3858 824 3942 quisque
845 3879 911 3920 non
933 3868 1001 3921 tam
1022 3877 1124 3938 suum,
1148 3882 1244 3944 quam

293 3965 369 4042 Dei,
382 3964 578 4046 angelorum,
592 3973 625 4024 et
639 3961 804 4023 hominum
826 3970 979 4043 sequatur
991 3980 1034 4022 ex
1049 3961 1196 4044 aequitate
1212 3975 1244 4026 et

292 4068 423 4152 publica
452 4066 589 4128 utilitate
625 4063 800 4127 arbitrium.
859 4062 908 4125 Ut
935 4060 1067 4140 faciant,
1094 4064 1241 4145 inquam:

292 4169 368 4251 quia
383 4170 467 4230 sicut
475 4165 622 4250 judicum
637 4174 687 4227 est
697 4162 819 4227 dictare
827 4161 999 4246 judicium,
1008 4163 1054 4225 ita
1064 4173 1097 4225 et
1110 4163 1243 4224 istorum

292 4269 439 4334 iaciendo
461 4288 609 4331 exercere
632 4266 772 4330 officium
794 4275 852 4327 cst.
899 4264 1020 4345 Utique
1045 4261 1147 4340 gloria
1171 4259 1241 4322 haec

291 4384 340 4436 est
367 4371 516 4434 omnibus
544 4369 664 4432 sanctis
693 4368 773 4452 ejus.
834 4367 920 4430 Nam
950 4375 983 4426 et
1011 4362 1080 4423 haec
1110 4369 1244 4439 agentes
