3550 5467
539 704 578 762 16
777 716 915 760 suanum
932 714 1200 760 saursnaarunsrs
1345 694 1428 772 [arn.
1445 712 1492 757 vr.

537 871 667 933 viribus.
713 871 876 933 llonestas
897 870 983 932 euim
1001 868 1153 931 idoneum
1176 866 1309 929 militem
1327 866 1445 945 reddit,
1459 880 1493 932 et

535 973 740 1047 verecundia,
769 971 846 1034 dum
873 970 1024 1053 prohibet
1053 969 1171 1049 sugere,
1198 987 1283 1050 saepe
1313 968 1391 1030 facit
1419 990 1489 1032 esse

535 1074 696 1137 victorem.
742 1071 829 1146 Quid
845 1072 930 1135 enim
942 1070 1072 1154 prodest
1086 1072 1113 1133 si
1125 1080 1313 1132 exerceatur
1324 1071 1490 1150 ignobilis,

536 1174 563 1234 si
578 1174 722 1256 pluribus
736 1172 905 1256 stipendiis
926 1180 1064 1233 moretur
1085 1167 1271 1232 incastris?
1311 1170 1487 1252 Nunquam

536 1276 696 1338 exercitus
712 1274 840 1357 proficit
851 1274 884 1335 in
901 1285 1042 1354 tempore
1057 1270 1145 1348 belli,
1157 1270 1249 1353 cujus
1261 1271 1294 1332 in
1310 1270 1487 1353 probandis

535 1376 702 1458 tyronibus
725 1374 920 1438 claudicavit
938 1373 1064 1435 electio,
1108 1371 1154 1433 Et
1171 1382 1326 1454 quantum
1347 1393 1408 1434 usu
1429 1393 1486 1434 ex-

534 1477 782 1562 perimentisque
797 1476 1018 1557 cognovimus,
1032 1473 1108 1535 hinc
1129 1481 1176 1535 tot
1190 1472 1309 1554 ubique
1326 1472 1366 1534 ab
1386 1471 1485 1535 hosti·

533 1582 596 1644 bus
611 1581 708 1643 illatae
723 1592 796 1643 sunt
812 1578 931 1655 clades,
946 1577 1022 1639 dum
1042 1577 1140 1655 longa
1161 1595 1227 1657 pax
1248 1574 1380 1636 militem
1395 1575 1485 1639 iucu-

533 1679 648 1743 riosius
672 1679 763 1759 legit,
787 1678 863 1740 dum
891 1678 1021 1741 inutiles
1045 1674 1166 1758 quique
1192 1673 1298 1735 civilia
1323 1685 1485 1736 sectantur

533 1781 649 1854 officia,
665 1781 741 1844 dum
756 1779 870 1843 indicti
886 1778 1122 1860 possessoribus
1137 1786 1265 1858 tyrones
1280 1776 1482 1858 pergratiam

533 1893 589 1944 aut
627 1880 916 1942 dissimulationem
953 1877 1167 1958 probantium,
1207 1877 1287 1938 tales
1323 1877 1484 1939 sociantur

531 1980 640 2056 armis,
663 1981 774 2062 quales
796 1978 919 2041 domini
944 1979 1061 2040 habere
1088 1975 1263 2039 fastidiunt.
1308 1979 1482 2059 Amagnis

531 2101 607 2163 ergo
636 2081 719 2154 viris,
750 2100 929 2162 magnaque
964 2077 1139 2159 diligentia,
1167 2075 1302 2140 idoneos
1334 2080 1483 2142 convenit

530 2183 607 2264 eligi
631 2182 785 2266 juniores.
830 2182 936 2254 Quum
960 2202 1034 2242 vero
1058 2179 1194 2260 diligens
1216 2181 1332 2242 electio
1355 2180 1480 2265 judicio

530 2284 624 2348 fuerit
639 2285 825 2366 approbata,
840 2281 988 2362 signandi
1004 2292 1089 2357 sunt,
1104 2293 1137 2343 et
1155 2280 1335 2344 ascribendi
1350 2282 1480 2357 militiae,

530 2383 585 2466 qui
609 2381 743 2445 adeam
769 2381 971 2444 invenientur
995 2380 1113 2442 idonei.
1160 2382 1245 2443 Nam
1271 2389 1304 2442 et
1328 2377 1479 2444 velocitas

529 2481 721 2566 requirenda
746 2491 804 2558 est,
828 2491 859 2544 et
882 2482 989 2554 robur,
1016 2492 1048 2542 et
1072 2489 1176 2542 utrum
1200 2500 1357 2543 armorum
1385 2480 1479 2543 disci-

528 2582 651 2664 plinam
675 2583 745 2665 quis
768 2581 910 2644 ediscere
933 2582 1049 2657 valeat,
1064 2588 1097 2642 et
1115 2600 1155 2642 aa
1174 2579 1292 2643 babeat
1311 2580 1478 2644 conliden-

526 2680 604 2743 tiam
625 2680 802 2744 militarem.
850 2681 996 2764 Plerique
1015 2681 1099 2742 enim
1118 2680 1261 2763 quamvis
1279 2701 1345 2742 non
1363 2682 1480 2765 impro-

526 2783 650 2847 babiles
672 2783 842 2848 videantur
862 2783 984 2864 specie,
1007 2793 1114 2844 tamen
1138 2782 1366 2864 experimentis
1391 2804 1477 2846 eom-

526 2885 702 2966 probantur
716 2883 850 2964 indigni.
896 2881 1090 2964 Repellendi
1113 2904 1188 2963 ergo
1206 2883 1311 2945 minus
1326 2884 1432 2960 utiles,
1447 2894 1479 2949 et

525 2985 559 3048 in
581 2987 690 3048 locum
712 3007 821 3049 eorum
846 2985 1054 3048 strenuissimi
1076 2985 1280 3066 subrogandi.
1327 2989 1366 3049 In
1390 2989 1479 3051 omni

525 3086 611 3150 enim
641 3087 805 3164 contlictu,
830 3108 896 3149 non
923 3096 988 3149 tam
1019 3085 1150 3169 prodest
1179 3087 1349 3150 multitudo
1380 3109 1477 3172 qnam

524 3187 635 3253 virtus.
680 3190 720 3251 ln
730 3211 793 3274 qua
802 3187 1011 3272 exploranda,
1022 3187 1198 3264 formanda,
1209 3189 1478 3271 etpromorenda,

525 3288 618 3353 ducis
638 3291 770 3352 vertitur
791 3302 856 3352 tam
878 3311 986 3371 opera,
1008 3311 1104 3372 quam
1121 3287 1291 3369 judicium.
1336 3289 1479 3372 Signatis

522 3410 662 3472 namque
676 3391 851 3472 tyronibus,
867 3411 925 3471 per
939 3389 1129 3471 quotidiana
1147 3391 1300 3454 exercitia
1315 3412 1475 3455 armorum

522 3501 571 3552 est
585 3489 834 3552 demonstranda
849 3489 1005 3566 doctrina,
1021 3501 1057 3553 ut
1076 3491 1137 3552 leri
1158 3502 1316 3555 armatura
1330 3502 1363 3555 et
1377 3494 1477 3574 gravi,

522 3603 605 3654 terra
620 3591 693 3654 item
710 3602 742 3654 et
756 3593 881 3675 pelago,
895 3593 1020 3676 pedites
1034 3593 1098 3655 siut
1112 3612 1152 3654 an
1168 3594 1302 3675 equites,
1312 3605 1474 3658 strenuum

522 3692 657 3754 militem
671 3693 796 3774 possint
809 3693 954 3776 implere.

521 3849 602 3931 Cap.
627 3854 657 3910 6.
704 3849 783 3916 Qua·
821 3851 911 3912 mala
944 3856 1141 3932 proueniant
1178 3857 1295 3916 rroatris
1331 3856 1474 3933 neplecto

562 3947 686 4009 delectu
707 3951 864 4021 militum,
885 3955 917 4010 et
940 3953 1083 4032 qualiter
1104 3951 1278 4016 Horoldus
1309 3954 1474 4016 Wulenaee

562 4047 732 4130 cubeyert't.

561 4183 630 4246 San
652 4181 748 4266 hujus
769 4181 951 4265 disciplinae
974 4207 1051 4248 usus
1066 4186 1099 4249 in
1116 4185 1363 4250 desuetudinem
1380 4188 1473 4268 abiit,

519 4294 575 4348 ant
600 4304 643 4345 ex
669 4281 868 4362 indulgentia
894 4283 999 4364 longae
1030 4286 1220 4365 securitatis,
1250 4298 1305 4351 aut
1335 4288 1475 4353 irruente
