3550 5467
403 795 482 840 cna.
500 777 586 857 xvn]
764 792 1016 838 ronrcaarrcus.
1310 760 1373 836 30'7

408 944 527 1019 Jacob,
551 957 582 1007 et
611 944 656 1007 eis
683 957 737 1008 aut
764 965 826 1006 non
854 966 940 1018 usus,
967 957 1022 1008 aut
1049 944 1177 1005 odorem
1205 941 1371 1004 suavitatis

408 1044 541 1108 dedisse
563 1046 648 1131 patri
672 1067 732 1107 non
757 1044 908 1108 scribitur
930 1047 1026 1109 Esau.
1074 1045 1156 1107 Nam
1177 1043 1254 1107 dum
1279 1043 1370 1106 bonis

407 1148 560 1212 abutitur
589 1147 744 1221 sensibus,
769 1146 902 1230 integris
932 1160 1043 1232 gratus
1072 1169 1140 1210 esse
1165 1168 1226 1208 non
1254 1157 1368 1223 potest.

408 1251 504 1332 Ergo
520 1271 602 1312 vana
625 1248 779 1311 bonorum
804 1249 923 1333 specics
939 1270 995 1311 nec
1016 1249 1119 1322 satiat,
1136 1269 1193 1310 uec
1215 1246 1369 1319 laetificat,

408 1370 470 1411 nec
497 1348 623 1429 liberat,
647 1370 704 1412 nec
728 1349 858 1412 exaltat.
897 1351 997 1412 Porro
1020 1348 1172 1411 adversus
1194 1347 1369 1421 luxuriam,

409 1451 594 1525 avaritiam,
611 1450 829 1528 cenodoxiam,
846 1449 994 1534 quadam
1011 1449 1157 1533 superius
1171 1447 1258 1511 dicta
1273 1460 1365 1510 sunt:

408 1550 528 1615 virium
539 1551 699 1616 affectatio
710 1549 1369 1636 quodammodohactenusmansitintacta,

408 1674 485 1735 quae
501 1651 560 1714 etsi
578 1651 732 1715 libertatis
747 1665 777 1715 et
794 1651 992 1716 celsitudinis
1013 1651 1159 1715 videatur
1174 1650 1286 1712 afferre
1302 1647 1368 1709 suf·

408 1751 564 1836 fragium,
593 1775 611 1814 a
639 1756 772 1817 veritate
801 1753 970 1839 utriusque
1001 1752 1209 1835 perniciosius
1236 1749 1367 1813 abducit

406 1867 581 1916 errantem.
611 1855 693 1917 Haec
705 1866 751 1917 cst
765 1855 847 1917 enim
858 1878 932 1940 quac
942 1853 1234 1940 perniciosissimam
1246 1851 1368 1915 inducit

408 1968 546 2039 pestem,
573 1965 606 2019 et
631 1957 808 2042 tyrannidis
835 1979 1008 2041 procurans
1037 1971 1156 2034 ortum,
1182 1974 1367 2040 compagem

408 2055 532 2140 quietis
547 2069 578 2118 et
595 2060 692 2141 pacis,
705 2079 769 2143 qua
785 2056 861 2119 nihil
879 2057 1037 2122 salubrius
1053 2075 1110 2130 est,
1123 2056 1254 2121 molitur
1265 2055 1369 2119 extin-

410 2178 523 2239 guere.
562 2157 726 2243 Siquidem
751 2158 819 2222 hoec
841 2158 974 2222 flumina
996 2158 1157 2223 caritatem
1176 2157 1369 2239 extinguunt

411 2256 475 2334 bis,
490 2257 608 2340 quibus
623 2257 689 2321 vita
705 2273 850 2340 negatur.
893 2261 931 2322 In
955 2260 1004 2324 his
1020 2259 1177 2325 Tantalus
1198 2260 1320 2324 laborat
1334 2259 1367 2322 in

412 2358 532 2421 sabulis
553 2359 633 2423 citra
654 2360 841 2440 satietatem,
854 2374 886 2425 et
908 2385 1010 2426 sermo
1027 2364 1232 2449 propheticus
1251 2362 1369 2446 degen-

413 2462 497 2524 tium
519 2462 551 2523 in
575 2460 624 2524 his
646 2462 738 2546 aquis
759 2462 903 2549 increpat
924 2463 1019 2528 sitim.
1058 2465 1207 2529 Sitientes
1228 2487 1305 2548 ergo
1327 2463 1368 2527 ad

412 2581 514 2646 aquas
529 2561 643 2627 invitat
665 2565 835 2648 appositas,
852 2589 925 2650 quae
947 2588 965 2627 a
980 2565 1093 2650 spiritu
1119 2564 1284 2651 profluunt
1299 2564 1370 2627 abs-

414 2685 481 2749 que
503 2663 760 2745 commutatione‚
774 2669 875 2749 gratis
893 2680 1112 2749 accepturosa
1131 2666 1236 2749 gratia
1260 2666 1367 2728 vinum

413 2778 447 2829 et
474 2763 532 2829 lac.
564 2767 682 2846 Quare,
703 2767 820 2851 inquit,
843 2768 1025 2852 appenditis
1050 2780 1218 2850 argentum
1246 2788 1307 2829 non
1337 2767 1369 2830 in

414 2866 569 2951 panibus;
596 2879 628 2930 et
645 2866 782 2930 laborem
800 2880 939 2932 restrum
956 2889 1016 2931 non
1033 2869 1065 2930 in
1082 2868 1271 2931 saturitate?
1299 2869 1369 2929 Au·

413 2967 482 3031 dite
497 2966 663 3030 audientes
677 2990 738 3043 me,
750 2980 782 3031 et
796 2968 953 3032 comedite
968 2968 1099 3046 bonum,
1114 2982 1145 3032 et
1159 2965 1370 3029 delectabitur

413 3073 447 3134 in
462 3069 671 3133 crassitudine
691 3069 795 3132 anima
818 3084 932 3134 vestra,
978 3070 1050 3133 Non
1075 3069 1187 3154 utique
1201 3069 1232 3130 in
1254 3067 1319 3143 illa,
1335 3068 1367 3129 in

414 3193 481 3257 qua
506 3170 747 3235 delectationem
776 3194 837 3234 non
865 3172 962 3235 habet
988 3173 1102 3246 anima,
1128 3171 1182 3234 sed
1209 3192 1301 3242 caro;
1336 3170 1368 3231 in

414 3271 470 3335 ilis
491 3273 523 3335 in
546 3293 611 3357 qua
632 3274 842 3338 recalcitravit
865 3274 1011 3354 dilectus,
1032 3274 1232 3348 incrassatus,
1253 3272 1369 3356 impin·

413 3387 544 3459 gustus,
559 3374 723 3450 dilatatus,
740 3377 793 3440 sed
818 3378 931 3462 inqua
953 3376 1150 3440 benedicitur
1172 3374 1266 3450 filius,
1285 3376 1369 3438 utin

413 3497 486 3538 rore
495 3479 755 3559 supervenientes
765 3480 887 3560 gratiae,
898 3494 930 3541 et
941 3478 1133 3563 pinguedine
1145 3476 1234 3540 liberi
1246 3474 1369 3539 arbitrii

416 3575 613 3639 voluntatem
628 3576 690 3639 Dei
702 3579 878 3662 prudenter
889 3578 1059 3663 intelligat,
1071 3590 1217 3663 potenter
1228 3576 1369 3662 impleat,

415 3681 527 3742 toleret
543 3678 711 3762 patienter.
752 3678 815 3743 Ha>
830 3680 940 3765 itaque
962 3679 1197 3765 impinguantes
1212 3692 1243 3742 et
1259 3678 1369 3742 dulces

414 3801 509 3865 aquae
528 3792 615 3855 sunt,
630 3794 662 3843 et
685 3805 758 3865 quae
780 3782 857 3845 alias
879 3805 988 3845 omnes
1010 3796 1199 3867 temperant,
1224 3783 1299 3867 quia
1321 3781 1371 3845 his

414 3882 605 3966 salsuginem
626 3904 734 3944 carum
750 3884 918 3948 absorbuit
940 3884 1061 3968 lignum
1082 3885 1195 3961 crucis,
1211 3898 1243 3949 et
1261 3886 1371 3948 doleo-⁴

416 3981 499 4048 ravit
525 4006 588 4061 eas,
615 3999 647 4047 et
673 3984 836 4069 sapientire
861 3987 997 4052 coeicstis
1027 3987 1155 4063 infusio,
1182 3987 1305 4050 easdem
1337 3986 1369 4046 in

416 4087 550 4148 alutem
571 4084 747 4148 animarum
771 4100 802 4149 et
823 4090 1002 4152 satietatem
1026 4089 1100 4152 fecit
1116 4111 1182 4150 csse
1205 4085 1370 4171 potabiles.

418 4184 481 4246 Hae
496 4207 628 4269 quoque
653 4184 799 4265 liberant,
816 4186 915 4250 totius
936 4187 1114 4270 tyrannidis
1134 4189 1294 4250 incursum
1312 4185 1370 4244 im·

417 4285 563 4370 pediunt,
579 4300 636 4349 aut
659 4301 820 4371 premunt,
835 4303 889 4352 aut
907 4289 1055 4372 puniunt.
1102 4293 1175 4353 Non
1191 4310 1267 4371 ergo
1282 4304 1371 4345 vanoe

418 4387 511 4468 vires,
520 4387 574 4451 sed
592 4387 707 4451 veritas
719 4385 830 4452 liberat
847 4389 878 4451 in
892 4388 1045 4473 equitate
1060 4392 1243 4462 consistens,
1256 4400 1288 4449 et
1300 4384 1373 4448 licet

867 4497 926 4553 x·2
