3550 5467
542 721 602 780 166
797 740 934 783 mausus
950 739 1227 786 saaesasnrassrs
1346 725 1429 806 [us.
1447 747 1500 791 ru.

545 888 698 951 Successit
722 888 767 952 eis
785 887 908 952 soboles
930 913 1108 965 numerosa,
1124 893 1226 977 replet
1250 894 1371 960 atrium
1392 895 1501 961 domus

542 991 844 1075 Domini,}alienum
876 994 981 1076 ignem
1012 993 1200 1059 accendunt.
1247 997 1389 1061 Adolere
1412 998 1500 1063 thura

542 1095 690 1157 nituntur
708 1095 874 1180 prohibiti,
890 1112 921 1158 et
939 1096 1188 1162 Dathanitarum
1210 1111 1244 1163 et
1261 1100 1498 1166 abironitarum

545 1197 693 1260 societate
721 1211 893 1273 contracta,
921 1199 1047 1262 irruunt
1078 1199 1110 1262 in
1145 1201 1296 1288 Moysen,
1329 1202 1500 1267 scindentes

544 1300 729 1379 Ecclesiam,
744 1300 955 1371 sacerdotium
972 1303 1207 1387 perturbantes,
1224 1304 1415 1369 seditionem
1432 1307 1500 1370 laci-

544 1419 633 1467 entes
662 1404 694 1466 in
725 1403 855 1488 populo,
882 1403 940 1466 nisi
968 1404 1008 1466 ad
1035 1403 1248 1469 sacerdotium
1276 1409 1500 1493 permittantur

544 1507 699 1574 accedere.
724 1510 832 1585 Quum
844 1507 926 1568 enirn
939 1506 997 1569 sibi
1008 1506 1243 1573 conciliaverint
1252 1509 1391 1592 gratiam
1405 1525 1501 1596 potes·

546 1627 661 1688 tatum,
677 1610 801 1696 dejure
817 1623 925 1694 patere
941 1607 1000 1671 sibi
1016 1623 1159 1673 asserunt
1177 1611 1343 1687 universa;
1366 1634 1405 1674 eo
1419 1612 1498 1698 qrrod

546 1716 705 1800 princeps,
729 1728 765 1777 ut
788 1713 911 1787 dicunt,
928 1710 1051 1794 legibus
1071 1734 1132 1775 non
1157 1712 1340 1796 subjicitur,
1361 1728 1393 1778 et
1416 1716 1497 1801 quod

547 1817 681 1902 principi
690 1816 793 1901 placet
801 1813 1138 1897 legishabetvigorem.
1160 1814 1268 1889 Quum
1280 1837 1358 1899 ergo
1367 1816 1501 1901 populus

547 1919 587 1992 ei,
602 1931 635 1982 et
650 1919 681 1980 in
697 1938 770 1980 eum
789 1937 912 1979 ornnem
929 1914 1150 1979 alletoritatem
1171 1937 1259 1978 suam
1276 1918 1458 1993 contulerit,
1472 1921 1498 1983 ei

546 2020 674 2083 obviare
691 2019 808 2081 crimen
830 2018 1004 2102 majestatis
1025 2030 1084 2093 est,
1101 2029 1132 2079 et
1152 2017 1322 2081 manifesta
1339 2019 1499 2084 subversio

546 2122 752 2207 principatus.
790 2118 957 2203 Siquidem
981 2117 1134 2202 sacrilegii
1156 2120 1257 2182 instar
1276 2133 1338 2196 est,
1354 2121 1499 2189 dubitare

546 2248 585 2288 an
602 2226 627 2288 is
642 2226 759 2308 dignus
774 2222 824 2294 sit,
841 2243 937 2306 quern
956 2224 1103 2306 princeps
1118 2220 1258 2306 elegerit.
1299 2224 1367 2287 Nec
1382 2227 1500 2290 umus

546 2331 621 2398 tatis
646 2327 756 2411 effugit
784 2337 902 2397 notam,
929 2337 961 2386 et
988 2323 1067 2386 hene
1092 2345 1165 2386 cum
1191 2347 1229 2386 eo
1255 2326 1376 2409 agitur,
1400 2331 1426 2392 si
1453 2329 1498 2392 vel

547 2450 683 2516 poenam,
694 2424 888 2512 quisquisex
903 2444 1095 2507 quacunque
1104 2445 1198 2484 causa
1209 2422 1406 2488 voluntatem
1418 2427 1498 2511 prin-

547 2532 627 2618 cipis
646 2549 797 2593 evacuare
819 2534 918 2609 parat.
958 2523 1073 2589 Nullas
1096 2523 1180 2607 leges
1197 2525 1335 2590 credunt
1355 2525 1500 2593 civilibus

547 2632 770 2722 praeferendas,
815 2631 885 2694 Has
913 2627 1105 2690 Anacharsis
1135 2628 1256 2712 Scytha
1285 2628 1356 2694 telis
1381 2653 1500 2695 araneae

546 2735 753 2823 comparavit,
768 2755 842 2818 quae
857 2752 980 2794 muscas
994 2743 1026 2792 et
1041 2727 1157 2792 culices
1175 2728 1330 2806 detinent,
1346 2732 1400 2796 sed
1418 2733 1498 2797 vols·

545 2842 615 2906 tilia
631 2836 849 2904 transmittunt
860 2831 1040 2918 grandiora.
1070 2831 1124 2896 Sic
1136 2845 1166 2894 et
1178 2832 1254 2916 jura
1266 2832 1385 2910 civilia,
1397 2834 1498 2901 humi·

546 2944 661 3008 liorum
678 2938 854 3025 reprimunt
870 2935 1065 3007 voluntates;
1090 2933 1143 2997 sed
1160 2935 1305 3019 profecto
1316 2939 1498 3020 patentiori·

546 3046 608 3109 bus
630 3043 758 3108 cedunt.
804 3039 885 3101 Nam
911 3059 951 3100 ex
976 3036 1222 3119 transgressione
1248 3037 1297 3099 vel
1324 3052 1497 3107 contemtu·

546 3147 719 3233 legitimam
735 3146 780 3207 eis
791 3163 854 3211 non
870 3144 1012 3222 irrogant
1028 3161 1165 3224 poenam,
1178 3138 1233 3201 sed
1250 3160 1309 3202 nec
1321 3139 1497 3227 interpella·

546 3265 596 3316 tos
611 3247 741 3335 quidem
753 3256 848 3308 catrta
861 3239 1111 3306 dissimulatione
1123 3254 1330 3326 praetereunt.
1363 3244 1416 3306 Ad
1434 3244 1497 3310 hac

545 3350 724 3435 conquisita
750 3361 957 3429 tyrannorum
983 3343 1129 3429 exempla
1157 3360 1354 3429 proponunt,
1381 3346 1497 3432 quibus

546 3449 758 3535 persuadeant
789 3447 1002 3531 potestatibus
1031 3446 1179 3511 universa
1207 3446 1312 3511 licere.
1359 3450 1497 3514 Maxime

546 3569 650 3620 tamen
667 3550 768 3614 sicubi
789 3548 928 3612 locorum
952 3549 1083 3624 fuerint,
1100 3548 1155 3612 ubi
1175 3548 1350 3614 inveterata
1369 3555 1496 3617 consue·

545 3654 627 3719 tudo
636 3651 789 3727 obtineat,
801 3649 895 3714 etiam
909 3654 933 3715 si
945 3651 1060 3717 rationi
1070 3650 1257 3715 adversetur
1267 3666 1298 3716 et
1312 3652 1387 3739 legi.
1419 3656 1497 3723 Nu·

545 3767 616 3820 rant
629 3754 701 3841 quis
716 3766 870 3838 tyrannus
884 3752 1093 3825 domesticum
1108 3775 1213 3827 suum,
1226 3768 1283 3818 aut
1298 3754 1495 3833 familiarem,

544 3861 574 3923 in
591 3880 687 3943 quam
705 3856 881 3921 Ecclesiam
903 3856 969 3920 sine
983 3856 1134 3920 electione
1152 3856 1331 3933 intruserit,
1348 3859 1423 3944 quis
1436 3858 1494 3922 cle·

543 3985 627 4040 rum,
642 3975 678 4024 ut
701 3960 845 4043 ignotum
869 3973 900 4024 et
921 3958 1087 4044 indignum
1108 3958 1251 4043 eligeret,
1267 3960 1445 4024 terroribus
1464 3973 1492 4023 et

544 4062 667 4128 damnis
676 4060 850 4148 impulerit,
858 4060 931 4145 quis
942 4058 1113 4122 Ecclesiam
1122 4057 1182 4122 Dei
1194 4057 1372 4124 vendiderit
1383 4059 1494 4147 palam

545 4167 617 4252 quis
637 4161 917 4248 metropolitanum
937 4159 1125 4245 compulerit
1141 4160 1375 4245 reprobabilem
1391 4183 1492 4225 conse·

544 4292 641 4346 crare,
657 4266 729 4350 qttis
746 4264 921 4349 Episcopos
939 4263 1099 4348 religiosos
1116 4262 1147 4324 in
1164 4259 1297 4325 exilium
1314 4266 1427 4347 egerit,
1442 4277 1492 4328 aut

543 4385 629 4451 actos
644 4369 684 4431 ab
704 4366 783 4444 aliis,
799 4368 938 4451 coegerit
956 4363 1095 4443 exulare,
1112 4365 1185 4448 quis
1200 4363 1378 4430 Ecclesiam
1399 4381 1430 4432 et
1450 4387 1493 4430 res
