3550 5467
410 751 474 809 246
665 768 802 812 ioannis
817 768 1105 816 saansssarmrsts
1198 751 1284 832 [um.
1298 769 1361 814 rm.

413 916 473 980 bus
498 917 743 1002 proficiscentes,
767 917 932 984 hominum
961 933 1090 985 tentum
1120 921 1263 1008 proprian
1286 935 1363 986 sunt

412 1019 491 1096 Quis
511 1043 588 1104 ergo
611 1021 732 1087 habens
751 1019 874 1107 aliquid
897 1021 1029 1086 humaui
1052 1023 1205 1107 pudoris,
1227 1026 1362 1110 volupts·

411 1125 499 1187 tibus
527 1124 597 1187 istis
622 1124 762 1203 duabus,
785 1123 920 1188 coeundi
947 1139 1046 1211 etque
1072 1125 1276 1204 comedendi,
1299 1148 1363 1212 que

410 1225 529 1289 homini
552 1250 625 1290 cum
647 1251 703 1290 sue
725 1240 821 1313 etque
840 1227 929 1290 asino
950 1250 1141 1292 communes
1163 1245 1253 1308 sunt,
1266 1244 1363 1311 gratu·

410 1332 514 1392 letur?
540 1333 612 1394 lIoc
628 1331 828 1394 Aristoteles.
861 1330 1006 1394 Socrates
1020 1344 1132 1395 autem
1150 1330 1280 1396 dicebat
1293 1331 1362 1394 mui-

412 1444 461 1495 tos
472 1432 615 1496 homines
629 1446 797 1519 propterea
809 1431 888 1496 veile
904 1432 1022 1508 virere,
1036 1445 1073 1496 ut
1089 1432 1226 1498 ederent
1241 1447 1272 1498 et
1287 1433 1361 1499 bibe

412 1549 502 1608 rent;
534 1558 567 1598 se
588 1535 695 1599 bibere
717 1553 814 1620 atque
834 1557 911 1610 esse,
927 1547 964 1598 ut
986 1535 1121 1599 vireret.
1173 1535 1268 1603 Unde
1282 1539 1364 1622 say-

413 1661 515 1702 ricus:

519 1758 653 1811 Summum
665 1757 741 1809 crede
752 1754 827 1808 nefas
838 1756 951 1808 animam
963 1753 1089 1826 praeferre
1102 1755 1207 1826 pudori,

519 1844 553 1896 Et
566 1852 667 1915 propter
679 1845 759 1895 ritem
770 1842 871 1894 vivendi
883 1842 991 1913 perdere
1003 1858 1108 1895 musas.

416 1946 525 2011 Refert
554 1948 698 2012 Valerius
724 1945 788 2009 vini
819 1968 911 2010 usum
937 1945 1015 2009 oiim
1048 1945 1208 2012 Romanis
1237 1945 1364 2011 foeminis

414 2050 511 2113 fuisse
528 2053 687 2133 ignotum,
700 2072 740 2113 ne
755 2049 873 2113 scilicet
885 2052 917 2113 in
930 2047 1062 2134 aliquod
1078 2047 1223 2114 dedecus
1234 2050 1364 2136 prolabe-

411 2161 532 2225 rentur,
554 2153 632 2236 quia
654 2153 818 2237 proximus
841 2175 860 2215 a
883 2152 982 2215 libero
1003 2165 1097 2237 patre
1120 2151 1364 2240 intemperantiae

410 2251 531 2339 gradus
546 2258 585 2316 ad
603 2254 814 2317 inconcessam
832 2259 987 2319 Venerem
1002 2276 1071 2317 esse
1086 2253 1268 2320 consuerit.
1290 2255 1365 2318 Con·

412 2355 534 2418 rivium
560 2355 655 2418 etium
683 2356 810 2419 solenne
838 2357 973 2442 majores
998 2355 1253 2433 constituerunt,
1276 2356 1365 2441 idque

412 2457 561 2521 charistia
576 2458 772 2545 appeliatum
785 2474 845 2534 est,
855 2459 907 2523 cui
923 2475 1041 2545 praeter
1051 2474 1209 2544 cognatos
1223 2474 1256 2524 et
1269 2458 1367 2522 affines

414 2580 507 2624 nemo
522 2561 802 2646 interponebatur:
826 2574 863 2624 ut
879 2563 905 2624 si
921 2560 1083 2644 quainter
1099 2565 1291 2626 necessarias
1304 2582 1367 2647 per·

415 2685 507 2726 sonas
529 2660 659 2747 querela
679 2674 758 2724 esset
774 2674 855 2735 orta,
870 2659 957 2746 apud
979 2682 1069 2723 sacra
1091 2682 1224 2735 meriste,
1239 2674 1270 2726 et
1293 2661 1367 2725 inter

415 2765 605 2830 hilaritatem
625 2765 814 2844 animorum,
829 2778 860 2827 et
881 2764 1063 2828 fautoribus
1083 2763 1265 2829 concordiae
1283 2763 1366 2827 sdbi·

413 2868 502 2943 bitis,
526 2867 700 2932 tolleretur.
740 2867 904 2933 Senectuti
925 2865 1081 2949 juventus
1104 2866 1152 2930 ita
1174 2866 1365 2932 cumulatum

414 2984 444 3033 et
456 2970 720 3054 circumspectum
730 2969 879 3033 honorem
892 2967 1058 3044 reddebat,
1069 2982 1226 3054 tanquam
1238 2970 1367 3056 majores

414 3069 751 3136 natuadolescentium
763 3093 944 3136 communes
955 3085 1063 3156 patres
1074 3086 1192 3137 essent.
1218 3071 1367 3146 Quocirca

409 3175 544 3259 juvenes
566 3174 611 3238 ita
633 3186 827 3238 senectutem
850 3173 914 3250 die,
939 3187 974 3237 ut
997 3176 1139 3259 aliquem
1161 3196 1204 3238 ex
1229 3174 1368 3260 patribus

413 3277 611 3361 conscriptis,
626 3289 682 3341 aut
705 3279 935 3362 propinquum,
950 3289 1007 3340 aut
1033 3294 1203 3362 paternum
1227 3277 1368 3350 amicum,

412 3379 453 3441 ad
477 3378 597 3441 curiam
621 3377 832 3452 deducebant,
854 3376 1006 3462 affixique
1028 3375 1128 3440 valvis
1150 3377 1369 3461 expectabant,

413 3481 514 3542 donec
541 3478 711 3543 reducendi
737 3477 839 3541 officio
869 3477 1091 3560 fungerentur.
1139 3476 1218 3552 Qua
1243 3477 1368 3563 quidem

413 3581 594 3644 voluntaria
616 3583 762 3655 statione,
777 3594 807 3644 et
827 3600 961 3664 corpora
982 3592 1015 3642 et
1035 3578 1159 3643 animos
1179 3578 1220 3643 ad
1244 3578 1368 3666 publica

412 3680 515 3745 officia
530 3681 664 3765 impigre
680 3680 865 3745 sustinenda
885 3680 1088 3745 roborabant.
1121 3682 1287 3768 Brerique
1300 3702 1369 3767 pro·

412 3805 500 3848 cessu
527 3783 559 3845 in
588 3781 689 3846 lucem
716 3783 872 3848 virtutum
897 3805 1024 3850 suarum
1049 3783 1234 3848 verecunda
1259 3782 1368 3848 laboris

412 3884 619 3950 meditatione
633 3884 694 3970 ipsi
710 3885 869 3951 doctiores
889 3901 989 3951 erant.
1031 3886 1165 3951 inritati
1181 3887 1223 3952 ad
1239 3907 1367 3961 conani,

413 3988 584 4074 diligenter
599 3988 800 4073 querebant,
816 3990 947 4075 quinam
965 3989 992 4052 ei
1008 3987 1157 4052 convivio
1172 3990 1366 4062 interessent,

413 4115 452 4156 ne
467 4091 597 4156 senioris
613 4089 786 4155 adrentum
802 4089 965 4155 discubitu
983 4103 1228 4176 praecurrerent.
1260 4091 1366 4158 Sabis·

412 4211 510 4283 taque
525 4216 642 4273 mensa,
658 4197 778 4279 priores
793 4215 984 4278 consurgere
1002 4205 1034 4256 et
1050 4191 1138 4256 abire
1156 4195 1365 4279 patiebantur.

412 4303 465 4362 Ex
492 4298 609 4384 quibus
639 4309 770 4381 apparet
801 4318 901 4360 coenae
931 4316 1062 4380 quoque
1091 4304 1249 4380 tempore,
1274 4313 1365 4382 quan

411 4425 517 4487 parco,
541 4414 571 4464 et
599 4420 695 4484 quam
721 4398 864 4462 modesto
892 4419 1045 4474 sermone,
1071 4396 1120 4459 bis
1147 4398 1363 4483 presentibus,
