3550 5467
411 689 475 748 ³13
667 702 803 745 rosxxrs
818 700 1102 744 suescemsrs
1195 683 1276 762 [un.
1292 705 1353 747 1111.

410 854 517 917 denda
537 854 688 916 daudet.
733 852 850 916 Omnia
871 874 982 913 eorum
1004 852 1080 914 ath·
1095 866 1172 916 sunt
1193 867 1226 916 et
1242 854 1353 928 demta,

410 956 488 1018 nihil
498 955 529 1016 ia
540 955 585 1016 eis
595 972 655 1029 ert,
667 954 754 1037 quod
766 954 880 1016 mnino
895 954 1013 1015 morsui
1024 968 1146 1037 puteat,
1158 970 1215 1019 aut
1228 979 1355 1033 nonam,

411 1072 448 1119 ut
461 1056 625 1138 satyricus
635 1058 692 1124 ait,
703 1056 857 1140 pristiam
868 1070 1024 1118 vereatur.
1042 1056 1076 1117 si
1089 1071 1198 1118 tamen
1209 1059 1355 1141 quispiam

408 1158 468 1220 hoc
489 1160 744 1242 praesumpserit,
765 1161 795 1220 ei
818 1180 883 1218 uno
906 1156 1101 1219 calidissimo
1122 1159 1357 1242 respondebitur

410 1276 612 1342 argumento,
623 1260 674 1323 cui
687 1262 845 1333 resistere,
860 1274 892 1320 et
902 1258 1119 1321 contradicere
1131 1283 1196 1322 non
1205 1260 1357 1325 audebunt

410 1384 521 1425 ornnes
531 1360 703 1423 adversarii
714 1363 824 1424 nostri.
848 1362 940 1436 Quo?
956 1360 1074 1444 inquis
1097 1364 1359 1446 Opemiuquam,

414 1487 489 1546 quae
509 1463 570 1547 ipsi
586 1463 721 1536 faciunt,
742 1466 958 1526 testimonium
979 1462 1149 1544 perhibent
1173 1463 1215 1525 de
1235 1465 1289 1525 eis
1331 1466 1360 1527 Si

415 1563 521 1628 lotum
551 1567 681 1650 queris,
710 1564 857 1628 effectum
887 1588 956 1648 quo
983 1563 1025 1626 de
1054 1588 1161 1628 nausae
1192 1568 1362 1629 sinceritate

414 1682 550 1741 constet,
564 1667 715 1730 attende:
737 1668 832 1751 cujus
849 1665 933 1727 enim
956 1686 1038 1748 opus
1052 1666 1174 1729 bonum
1191 1682 1252 1743 est,
1266 1668 1361 1753 ipsum

415 1791 548 1854 qunque
569 1768 689 1831 bonum
711 1784 772 1831 est.
817 1768 852 1831 si
867 1771 1055 1830 auctorem?
1079 1791 1154 1831 eum
1172 1770 1229 1855 qui
1252 1769 1316 1832 ait:
1339 1775 1362 1833 Α

415 1870 577 1934 fructssius
598 1893 707 1932 eorum
730 1867 925 1953 cognoscetis
949 1891 1015 1931 eos
1060 1872 1135 1932 Non
1158 1871 1242 1933 euim
1267 1885 1362 1954 potest

415 1971 512 2033 arhor
523 1971 606 2032 mala
614 1969 742 2033 fructus
758 1969 985 2042 bonosiacere3
1007 1980 1064 2031 aut
1074 1972 1265 2047 conversim,
1276 1974 1364 2035 arbor

417 2069 501 2132 bona
520 2070 644 2133 fructus
665 2070 774 2133 malos
820 2071 954 2131 Possem
974 2092 1033 2154 pro
1054 2071 1110 2143 eis,
1131 2071 1247 2156 siquis
1266 2087 1362 2135 tamen

415 2182 474 2245 ert,
488 2168 545 2251 qui
560 2169 606 2229 eis
620 2184 746 2230 censeat
766 2167 1012 2244 detrahendum,
1025 2173 1120 2250 plura
1133 2172 1290 2256 proponi:
1312 2171 1363 2234 sed

415 2270 448 2331 in
463 2266 645 2330 defensione
659 2291 769 2330 eorum
783 2269 844 2331 hoc
859 2290 958 2333 uuum
971 2269 1115 2334 sufficiat.
1138 2275 1274 2338 Constat
1288 2274 1364 2337 enim

417 2371 494 2454 quia
519 2368 745 2453 Apostolorum
773 2384 902 2453 oportet
922 2371 1054 2435 adorare
1076 2374 1229 2456 vestigia3
1250 2388 1282 2437 et
1300 2375 1365 2438 illos

416 2493 484 2533 esse
506 2483 543 2533 ut
565 2485 672 2554 patres
687 2471 901 2549 honorandos,
924 2471 1072 2537 colendos
1087 2489 1124 2537 ut
1143 2475 1299 2556 dominos,
1312 2475 1363 2562 qui

417 2593 528 2634 eorum
558 2571 721 2656 possident
742 2572 861 2646 sedem,
891 2588 923 2636 et
945 2575 1113 2638 imitantur
1140 2578 1249 2641 vitam.
1295 2578 1366 2640 Illos

418 2674 527 2758 potius
540 2672 609 2735 haec
624 2674 741 2758 pagina
756 2675 895 2759 respicit,
910 2677 966 2760 qui
982 2675 1101 2762 plumis
1117 2678 1280 2743 vehuntur
1294 2702 1366 2765 pen·

418 2774 544 2853 tilibus,
564 2777 596 2838 in
619 2776 785 2842 saturitate
806 2777 973 2864 disputant
999 2778 1040 2842 de
1060 2781 1209 2866 jejuniis,
1231 2799 1263 2846 et
1285 2781 1364 2868 quod

420 2874 525 2938 verbis
535 2887 695 2954 astruunt,
706 2877 856 2962 operibus
867 2877 1036 2942 destruunt
1050 2904 1057 2943 :
1081 2882 1114 2943 in
1127 2904 1225 2946 curru
1236 2881 1366 2946 eunuchi

420 2978 540 3061 reginae
554 2977 743 3064 AEthiopum
754 2978 868 3041 clausis
877 2980 979 3044 oculis
990 2982 1172 3067 Scripturas
1184 2984 1367 3071 loquuntur,

419 3096 451 3143 et
466 3077 620 3157 lectitant,
631 3093 663 3142 et
678 3102 749 3143 eum
761 3081 818 3165 qui
834 3081 915 3145 sicut
926 3083 995 3145 oris
1005 3082 1046 3145 ad
1056 3085 1245 3150 occisionem
1257 3087 1368 3150 duetus

418 3194 481 3258 est,
495 3192 527 3243 et
542 3203 577 3242 os
592 3202 686 3245 suum
702 3204 806 3244 coram
823 3205 855 3244 se
872 3183 1025 3248 tondente
1040 3208 1103 3248 non
1121 3189 1260 3272 aperuit,
1276 3189 1368 3272 respi-

419 3304 489 3345 cere
504 3281 732 3366 dedignantur,
746 3297 801 3348 aut
817 3300 993 3370 nequeunt,
1009 3309 1065 3350 nec
1081 3288 1278 3375 discipulum
1295 3289 1370 3353 veri·

419 3384 494 3449 tatis
509 3385 726 3470 interpretem,
741 3385 841 3449 donec
861 3387 1052 3454 descendant
1069 3389 1110 3452 ad
1127 3413 1239 3476 aquas,
1255 3394 1369 3478 quibus

418 3487 615 3550 mundentur
634 3488 676 3551 ab
691 3488 841 3574 operibus
856 3489 1001 3565 mortuis,
1019 3490 1195 3575 dignantur
1214 3493 1369 3580 colligere.

421 3586 544 3671 Utique
565 3587 639 3652 licet
662 3592 894 3676 scripturarum
917 3593 1075 3657 insideant
1098 3596 1188 3671 rotis,
1210 3609 1242 3660 et
1260 3618 1370 3682 penna·

422 3699 526 3748 torum
550 3687 733 3753 animalium
756 3693 879 3775 impetu
904 3693 1117 3779 perferantur,
1138 3697 1368 3781 linguatorum

419 3808 519 3873 quum
531 3786 571 3849 de
583 3790 801 3873 superioribus
812 3793 1037 3880 disputaverit,
1050 3811 1166 3860 terram
1185 3799 1294 3885 lingit:
1317 3820 1370 3862 nec

419 3887 592 3974 scripturas
609 3889 806 3975 intelligunt,
823 3899 902 3979 quia
918 3917 971 3959 cor
993 3917 1103 3960 eorum
1120 3921 1182 3961 non
1199 3906 1302 3985 aperit
1317 3901 1371 3964 sci·

418 3996 576 4057 entiarum
597 3992 758 4072 dominus,
774 3997 830 4080 qui
847 3999 986 4081 aperuit,
999 3999 1081 4064 sicut
1098 4002 1129 4063 in
1151 4003 1276 4067 actibus
1292 4009 1371 4087 Apo-

418 4093 570 4158 stolorum
598 4093 750 4180 scriptum
781 4112 842 4178 est,
871 4123 926 4163 cor
956 4101 1069 4185 Lydioe
1095 4108 1309 4187 purpurariis,
1335 4117 1367 4167 ut

416 4194 542 4260 audiret
573 4221 620 4274 ea,
642 4220 717 4285 quae
746 4197 977 4266 dicebantura
1008 4204 1119 4283 Paulo,
1141 4228 1216 4290 quae
1246 4206 1367 4270 fidelius

416 4295 529 4360 humili
558 4297 739 4365 obedientia
765 4303 1000 4385 mandatorum,
1030 4328 1125 4391 quam
1157 4306 1369 4393 disputatione
