3550 5467
403 784 473 829 car.
491 766 564 845 nu]
764 781 1017 826 eourcnarrcus.
1301 767 1363 823 209

404 934 513 1013 telam,
529 955 629 1020 quam
646 930 842 1014 largitionem
860 934 969 1017 potius
983 932 1055 995 dici.
1103 931 1156 995 Fit
1171 929 1251 993 enirn
1276 930 1363 993 dete-

406 1041 470 1100 rior
485 1035 544 1121 qui
560 1034 689 1119 accipit,
706 1048 804 1119 atque
819 1033 858 1098 ad
875 1033 959 1097 idem
983 1040 1104 1118 semper
1126 1031 1361 1116 expectandum

406 1137 560 1222 paratior.
600 1136 686 1214 Quid
702 1150 807 1199 autem
824 1148 871 1199 est
885 1136 1023 1208 stultius,
1040 1156 1134 1216 quarn
1151 1134 1237 1220 quod
1254 1134 1363 1206 facias,

410 1238 545 1301 libenter
560 1258 684 1311 curare,
701 1251 738 1299 ut
753 1235 786 1298 id
801 1235 924 1299 diutius
939 1236 1041 1300 facere
1058 1258 1118 1299 nou
1134 1236 1258 1321 possis?
1287 1238 1364 1297 Lar·

407 1340 546 1423 gitiones
569 1338 792 1402 immoderatas
807 1338 924 1422 rapinae
939 1354 1130 1423 sequentur:
1162 1361 1263 1423 quum
1279 1335 1361 1399 enirn

408 1441 518 1507 daudo
547 1463 640 1524 egere
669 1440 814 1526 coeperis,
844 1441 934 1504 bonis
964 1440 1072 1503 alienis
1102 1462 1213 1504 manns
1243 1437 1363 1519 cogeris

409 1542 534 1606 inferre.
561 1543 678 1626 Itaque
688 1564 788 1628 quum
801 1540 1029 1605 benevolentiae
1040 1540 1261 1625 comparandae
1270 1561 1365 1601 causa

408 1645 451 1708 sis
462 1643 631 1728 prodigus,
641 1665 703 1707 non
717 1655 804 1708 tanta
817 1644 925 1707 studia
936 1643 1113 1729 assequeris
1124 1664 1231 1704 eorum
1246 1640 1364 1726 quibus

409 1747 547 1821 dederis,
561 1760 681 1831 quanta
696 1769 805 1809 eorum
821 1746 894 1809 odia
911 1745 1030 1831 quibus
1046 1745 1209 1808 ademeris.
1247 1745 1363 1821 Quam-

409 1849 518 1911 obrem
542 1869 601 1910 nec
622 1847 668 1911 ita
689 1846 868 1911 claudenda
894 1858 941 1910 est
968 1867 1018 1909 res
1039 1844 1212 1919 familiaris,
1236 1857 1273 1908 ut
1295 1865 1363 1906 eam

409 1948 589 2032 benignitas
606 1949 729 2034 aperire
751 1971 813 2011 non
837 1948 956 2033 possit;
988 1969 1044 2011 nec
1066 1949 1111 2011 ita
1133 1945 1311 2023 reseranda,
1328 1959 1364 2007 ut

410 2052 561 2116 omuibus
586 2065 712 2137 pateat:
751 2050 804 2112 sed
834 2050 994 2135 utrimque
1020 2049 1135 2113 modus
1163 2048 1364 2121 adhibeatur,

410 2155 501 2240 isque
512 2153 669 2217 referatur
679 2153 718 2215 ad
732 2152 909 2215 facultates.
933 2155 977 2216 Et
988 2152 1117 2237 quidem
1130 2155 1290 2235 eleganter
1300 2150 1365 2212 sive

411 2256 639 2340 Philosophus,
664 2255 729 2317 sive
758 2254 840 2317 alius
862 2253 1026 2340 popularis
1048 2254 1145 2340 hujus
1172 2253 1364 2340 profusionis

410 2358 704 2422 immoderationem
721 2357 876 2436 cohibuit,
891 2379 965 2442 quae
980 2357 1110 2444 quidem
1127 2356 1259 2442 gloriam
1277 2355 1364 2418 vide-

411 2474 465 2523 tur
479 2459 603 2537 afferre,
617 2460 670 2522 sed
688 2482 774 2521 more
793 2460 969 2523 meretricio
988 2483 1087 2545 quum
1111 2483 1160 2522 res
1179 2458 1364 2530 defecerint,

408 2563 579 2625 evanescit.
620 2562 701 2624 Nam
717 2561 838 2644 gratim,
852 2583 948 2646 quam
966 2583 1028 2625 non
1046 2561 1157 2636 virtus,
1169 2559 1223 2622 sed
1236 2558 1366 2620 fortuna

409 2663 571 2740 conciliat,
588 2683 676 2727 amor
692 2663 864 2726 meretricis
879 2661 1051 2726 rectissime
1067 2673 1279 2745 comparatur.

412 2942 493 3030 cap.
510 2944 541 3006 3.
560 2947 654 3018 Quod
666 2949 768 3007 omnia
783 2946 938 3028 professio
956 2964 1031 3006 saroa
1058 2944 1240 3006 Thrasonea
1253 2941 1365 3003 hahet:

454 3055 487 3110 et
501 3049 542 3110 de
552 3051 708 3130 personis,
721 3068 796 3129 quae
809 3049 854 3111 ad
863 3048 1104 3109 similitudinem
1113 3044 1273 3106 Eunuchi
1289 3042 1366 3106 Ter-

454 3152 602 3213 renlr'orrr'
622 3153 689 3213 sint
715 3152 807 3231 opud
828 3150 974 3211 inaniter
995 3149 1189 3231 qloriuntea:
1230 3152 1259 3207 at
1284 3145 1394 3224 quod'

454 3273 542 3314 oona
555 3253 658 3334 ploriu
673 3253 844 3314 meretricia
858 3270 944 3313 more
958 3251 1076 3313 loculos
1089 3251 1242 3330 sequitur.

456 3387 536 3460 Esr,
564 3402 600 3450 ut
625 3386 777 3460 diximus,
804 3385 837 3448 in
864 3383 979 3468 quavis
1007 3383 1201 3468 professione
1226 3381 1366 3445 invenire

411 3488 543 3552 militem
560 3488 746 3573 gloriosum,
761 3488 817 3573 qui
832 3487 994 3572 obsequiis
1012 3500 1044 3551 et
1067 3484 1253 3549 muneribus
1275 3504 1364 3546 suam

413 3589 586 3666 Thaidem,
602 3588 634 3653 id
652 3603 711 3669 est,
726 3611 838 3652 nomeu
861 3588 994 3667 celebre,
1009 3603 1043 3651 et
1065 3586 1155 3674 quusi
1178 3587 1272 3650 famae
1294 3606 1366 3668 gra·

411 3695 488 3757 tiam
515 3704 633 3778 captat.
680 3690 741 3755 Sed
770 3690 798 3754 ei
823 3712 881 3754 nec
909 3691 1051 3768 Gnatho,
1074 3704 1110 3753 ut
1137 3688 1285 3775 decipiat,
1310 3711 1367 3750 nec

413 3793 574 3871 Phoedria,
597 3797 655 3880 qui
682 3793 808 3857 laudem
835 3794 1010 3878 praeripiat,
1033 3816 1091 3856 nec
1114 3792 1277 3879 quidone
1298 3815 1366 3855 cor-

413 3909 545 3982 rumpat
560 3896 752 3973 adolescens,
762 3909 818 3960 aut
833 3917 941 3959 servus
958 3897 1124 3971 Parmeno,
1140 3894 1197 3980 qui
1213 3895 1369 3978 desipien-

415 4010 477 4061 tem
503 3997 649 4074 irrideat,
676 3997 774 4061 deest.
822 3996 921 4083 Apud
948 3996 1127 4061 eunuchum
1154 3995 1264 4059 comici
1291 3993 1366 4055 audi

415 4100 630 4173 Gnathonem,
642 4113 673 4164 et
686 4121 724 4162 an
737 4100 840 4183 ipsum
853 4099 884 4161 in
897 4098 1018 4161 familia
1028 4096 1233 4182 gloriantium
1249 4093 1367 4166 videas,

414 4198 584 4287 diligenter
600 4201 741 4266 attende.

449 4318 507 4380 Est,
519 4319 613 4387 inquit,
626 4335 708 4385 genus
719 4317 862 4379 hominum,
875 4318 918 4385 qui
932 4335 989 4369 esse
1001 4318 1095 4386 primos
1107 4333 1136 4366 se
1154 4312 1266 4363 omnium
1284 4326 1368 4362 rerum

554 4403 653 4468 volunt,

456 4512 528 4556 VOL.
544 4512 589 4556 IV.
886 4510 906 4552 P
