3550 5467
517 732 580 793 378
772 740 909 785 somnis
924 719 1202 783 sanusna'msnsrs
1297 715 1380 801 [ura.
1397 739 1461 783 v111.

515 910 681 980 est,qunm
693 904 724 956 et
733 891 907 955 infidelium
919 890 1069 973 dogmata
1078 888 1157 952 nihil
1167 887 1464 960 utilitatishabeaut‚

516 998 575 1062 nisi
594 994 715 1080 aliquid
740 993 905 1059 conferant
930 991 1131 1055 beatitudini.
1182 989 1245 1055 Sed
1267 991 1316 1054 his
1335 992 1463 1064 omissis,

516 1113 572 1163 aut
588 1098 694 1181 potius
709 1094 890 1180 praemissis,
907 1094 979 1157 dico
995 1092 1070 1178 quia
1084 1093 1153 1156 lraec
1169 1092 1236 1156 sola
1253 1107 1341 1168 sunt,

654 1205 722 1266 Qua
734 1203 790 1254 sola
801 1209 909 1274 possunt
919 1202 1004 1255 faeere
1018 1209 1044 1254 et
1056 1220 1158 1254 servare
1169 1204 1285 1268 beatum,

516 1296 1464 1386 quumabalterojustitiaeramoproveniat,necuinoceatur,

516 1402 557 1465 ab
579 1399 690 1477 altero,
715 1412 749 1463 ut
776 1399 835 1462 sibi
859 1399 996 1484 quisque
1020 1413 1050 1463 et
1079 1400 1149 1461 aliis
1174 1400 1284 1483 prosit.
1332 1401 1387 1462 Vis
1409 1400 1461 1463 tibi

516 1517 659 1568 constare
675 1524 748 1588 quoe
760 1499 855 1565 dico?
880 1501 936 1565 Vis
951 1524 989 1563 ne
1005 1502 1116 1564 beatus
1128 1505 1218 1564 esse?
1243 1502 1346 1565 Porro
1358 1502 1464 1565 beatus

516 1608 565 1671 vir
594 1607 652 1691 qui
683 1607 773 1670 timet
804 1605 990 1667 Dominum.
1039 1603 1261 1667 Potentiamne
1287 1601 1464 1667 desideras?

516 1711 589 1773 Nou
605 1706 700 1771 modo
719 1707 797 1792 ipse,
812 1704 867 1769 sed
889 1704 1052 1790 potensin
1076 1719 1160 1768 terra
1181 1728 1286 1769 semen
1310 1705 1370 1768 erit
1388 1707 1465 1791 ejus.

515 1816 564 1876 An
580 1812 720 1875 favorem
735 1811 875 1885 sectaris,
892 1821 923 1873 et
939 1809 1048 1873 laudes
1070 1809 1261 1872 bominum?
1296 1808 1464 1873 Generatio

513 1928 673 1977 rectorum
688 1912 902 1977 benedicetur.
947 1916 995 1975 An
1016 1911 1054 1975 ad
1077 1910 1294 1975 celebritatem
1315 1910 1464 1989 dilataris,

514 2013 600 2077 etad
617 2013 812 2099 opulentiam
830 2013 933 2076 sinum
949 2011 1125 2097 expandis?
1160 2010 1273 2076 Gloria
1293 2024 1325 2075 et
1345 2011 1463 2077 divitie

514 2115 546 2178 in
567 2114 663 2178 domo
684 2117 763 2200 ejus.
809 2117 863 2178 An
884 2116 1130 2200 perpetuitatem
1152 2114 1272 2201 quaeris
1293 2113 1462 2200 operibus?

516 2215 551 2278 ln
568 2215 718 2277 memoria
732 2230 850 2279 aeterna
864 2216 926 2279 erit
937 2217 1057 2300 justus.
1107 2217 1213 2279 Vis-ne
1230 2238 1362 2280 securus
1376 2214 1462 2279 esse?

514 2317 563 2381 Ab
582 2314 745 2379 auditione
765 2314 848 2379 mala
869 2338 934 2381 non
957 2317 1094 2395 timebit,
1111 2318 1165 2384 sed
1189 2339 1298 2382 omnes
1313 2318 1459 2404 despiciet

510 2417 664 2482 inimicos.
710 2417 911 2485 Gratiam-ne
926 2418 1045 2503 lingum
1061 2421 1214 2485 affectas?
1248 2421 1352 2487 Labia
1360 2423 1462 2506 justo-

513 2544 583 2585 rum
605 2519 761 2584 distillant
781 2521 928 2606 gratiam.
976 2522 1076 2586 Item:
1113 2522 1272 2588 Memoria
1289 2523 1368 2608 justi
1389 2545 1456 2586 eum

513 2623 672 2698 laudibuS,
685 2645 798 2685 nomen
814 2621 983 2707 impiorum
1001 2637 1170 2708 putrescet.
1204 2624 1262 2687 Vis
1279 2625 1339 2690 tibi
1353 2625 1458 2688 futura

512 2724 734 2789 innotescere?
772 2724 962 2809 Expectatio
983 2725 1145 2810 justorum
1170 2724 1291 2790 laetitia.
1338 2727 1394 2791 Vis
1410 2728 1460 2811 ju·

510 2828 706 2893 moditatem
724 2827 781 2892 tibi
801 2827 964 2914 prorogari
979 2828 1011 2892 in
1027 2829 1280 2913 sempiternum?
1319 2833 1364 2894 Et
1380 2829 1458 2915 justi

510 2929 544 2994 in
564 2944 756 3018 perpetuum
775 2934 894 3011 vivent,
908 2945 939 2996 et
955 2932 987 2994 in
1008 2954 1085 3018 pace
1103 2944 1196 3005 sunt;
1220 2933 1294 2997 licet
1318 2934 1398 2997 mori
1412 2932 1457 2996 in·

509 3030 698 3118 sipientibus
720 3031 900 3097 videantur.
945 3034 1029 3097 Ecce
1050 3034 1147 3098 habes
1169 3033 1250 3097 vium
1267 3035 1456 3098 verissimam

507 3146 538 3196 et
555 3133 780 3210 fidelissimam,
791 3134 831 3198 ad
843 3135 1041 3221 sequendum
1054 3148 1172 3200 statum
1189 3157 1284 3221 quem
1300 3137 1457 3202 desiderat

507 3235 679 3320 Epicurus.
724 3237 769 3301 Et
794 3236 821 3300 si
845 3259 913 3300 eam
942 3237 1088 3307 tenueris,
1116 3238 1228 3302 beatus
1253 3261 1297 3318 es,
1323 3252 1355 3304 et
1381 3239 1459 3303 bene

507 3334 565 3398 tibi
592 3336 661 3400 erit.
709 3337 789 3399 Haec
814 3336 856 3401 ad
878 3335 958 3400 bene
980 3336 1136 3422 beateque
1158 3337 1330 3402 vivendum
1354 3352 1455 3426 potest

507 3435 572 3499 sola
587 3436 749 3511 sufficere;
773 3437 853 3501 adeo
867 3437 1012 3523 quidem,
1026 3452 1062 3502 ut
1076 3451 1167 3503 extra
1181 3440 1285 3524 posita
1301 3443 1456 3520 universa,

503 3552 560 3598 aut
584 3538 674 3618 nihil,
693 3550 749 3604 aut
773 3539 936 3602 minimum
962 3539 1161 3624 perfectionis
1181 3540 1342 3627 adjiciant.
1388 3545 1455 3608 Nec

503 3634 631 3699 inhibeo
657 3639 736 3722 quin
765 3640 906 3704 vestibus
932 3641 1032 3705 niteas
1062 3641 1223 3706 deauratis
1251 3644 1456 3709 circundatus

505 3736 667 3812 varietate,
683 3738 761 3822 quin
782 3739 922 3822 epuleris
943 3743 1087 3825 quotidie
1106 3743 1283 3830 splendide,
1299 3750 1377 3832 quin
1393 3747 1455 3832 pri-

505 3861 572 3902 mos
587 3835 720 3900 honores
735 3835 867 3901 habeas:
892 3853 936 3919 et,
954 3855 989 3905 ut
1005 3843 1115 3928 paucis
1133 3846 1234 3910 multa
1254 3846 1456 3931 complectar,

471 3997 478 4005 .
503 3942 580 4028 quin
598 3941 744 4026 tempori,
759 3941 812 4005 sed
829 3955 860 4007 et
876 3947 1033 4028 perversis
1053 3948 1202 4028 moribus,
1218 3964 1324 4015 rectus
1340 3967 1455 4029 tamen,

504 4057 540 4106 ut
556 4067 589 4106 es
604 4044 681 4129 ipse,
698 4044 728 4106 io
744 4045 891 4111 omnibus
907 4069 1025 4112 morem
1041 4072 1144 4133 geras,
1160 4064 1191 4116 et
1207 4055 1274 4116 suis
1298 4052 1456 4117 lenociniis

499 4143 681 4209 irridentem
704 4146 834 4211 irrideas
854 4150 1019 4216 muudum,
1070 4153 1176 4237 Major
1195 4158 1339 4232 enimes,
1357 4179 1453 4242 quam

500 4260 535 4310 ut
558 4247 683 4327 debeas,
704 4263 759 4313 aut
784 4252 889 4334 possis
914 4252 1002 4329 (licet
1021 4255 1088 4337 jorn
1112 4255 1161 4318 lric
1182 4256 1299 4340 ceperit
1317 4259 1451 4339 multos)

497 4347 566 4427 capi
578 4347 745 4415 tendiculis
755 4352 833 4433 ejus.
870 4349 940 4418 Rex
951 4353 1084 4418 illustris
1097 4355 1273 4441 Anglorum
1291 4358 1452 4423 Henrious
