3550 5467
276 775 351 822 cae.
366 758 424 838 6.]
640 772 894 819 ronrcaarrcos.
1198 763 1238 821 87

281 928 324 994 sd
338 928 453 993 omnia
468 947 597 1011 semper
610 926 769 990 incertus?
792 926 882 989 Talis
894 926 1004 1010 utique
1014 927 1240 1008 Academicus,

282 1052 385 1115 quum
413 1052 475 1095 nee
502 1030 604 1094 brutis
633 1028 825 1092 animalibus
848 1031 952 1093 valeat
979 1028 1152 1112 adaquari,
1177 1054 1239 1097 nec

282 1135 405 1217 dignus
427 1144 479 1198 est
499 1131 652 1210 hominis,
673 1131 793 1195 nedum
819 1132 1084 1216 philosophi,ch
1107 1134 1239 1210 honore,

284 1240 337 1301 vel
360 1237 505 1301 nomine.
549 1234 595 1298 Et
614 1233 744 1314 quidem
764 1235 916 1298 adversus
937 1235 1068 1298 istorum
1092 1237 1240 1320 ineptias,

285 1359 425 1420 magnus
438 1337 558 1421 pariter
572 1346 606 1399 et
619 1335 725 1398 fidelis
740 1335 852 1399 doctor
862 1336 1020 1400 Ecclesiae
1031 1338 1241 1419 Augustinus,

283 1437 345 1503 sed
358 1449 393 1502 et
403 1439 529 1515 Cicero,
540 1438 656 1502 validis
670 1438 849 1502 rationibus
863 1451 896 1501 et
910 1459 1055 1502 sermone
1071 1441 1240 1520 elegantis-

285 1541 371 1604 simo
385 1538 551 1621 copiosius
563 1537 741 1622 disputant.
787 1539 1003 1602 Veruntamen
1025 1540 1066 1603 ad
1085 1542 1169 1618 illos,
1184 1544 1239 1626 qni

285 1640 329 1704 de
341 1639 476 1720 ungulis
488 1637 646 1716 dubitant,
655 1660 727 1722 quae
738 1639 875 1721 sapienti
887 1639 1009 1701 faciunt
1020 1642 1240 1722 quaestionem,

286 1739 416 1814 Cicero,
431 1739 540 1821 seipso
555 1748 648 1816 teste,
662 1738 828 1815 transivit;
847 1759 907 1801 nec
923 1760 980 1802 eoa
993 1752 1100 1803 noster
1114 1741 1240 1823 Augus·

289 1845 378 1908 tinus
392 1843 601 1927 persequitur,
611 1863 712 1926 quum
727 1854 760 1907 et
774 1843 843 1926 ipse
859 1842 893 1905 in
909 1843 1061 1925 operibns
1075 1845 1153 1921 suis,
1170 1868 1241 1910 aca-

288 1945 417 2010 demico
431 1955 682 2027 temperamento
697 1955 804 2007 utatur
819 1944 1024 2027 frequentius,
1038 1958 1072 2010 61
1093 1949 1153 2010 snb
1174 1969 1239 2011 anr-

287 2047 445 2130 bignitate
467 2057 624 2130 proponat
644 2049 844 2131 multaque
864 2048 919 2110 alii
939 2047 1164 2129 confidentius,
1179 2072 1240 2116 nec

289 2148 392 2231 magis
419 2147 583 2211 temerarie
614 2147 801 2231 disputanti,
827 2170 891 2212 non
917 2150 1096 2214 viderentur
1123 2153 1242 2217 habere

289 2251 510 2335 quaestionem.
555 2249 640 2312 Mihi
663 2262 769 2314 tamen
792 2273 857 2314 nou
880 2252 1003 2316 videtur
1018 2253 1186 2338 qnisquam
1201 2277 1241 2319 eo

289 2353 379 2436 loqui
394 2351 550 2428 securius,
563 2352 620 2434 qni
641 2351 687 2414 ita
701 2352 950 2437 circumspectus
965 2356 1062 2419 estin
1078 2358 1186 2435 verbo,
1200 2381 1241 2422 ne

291 2454 415 2539 prolabi
436 2453 540 2537 possit
561 2451 602 2514 ad
624 2453 714 2516 salsa.
762 2454 844 2517 Sunt
864 2466 968 2519 antem
984 2456 1177 2521 dubitabilia
1191 2480 1241 2522 sa·

289 2552 404 2637 pienti,
420 2573 492 2636 quae
512 2573 572 2614 nec
590 2549 677 2628 fidei,
690 2573 751 2616 nec
774 2574 897 2631 seusus,
911 2565 966 2617 aut
987 2556 1119 2619 rationis
1142 2559 1240 2620 mani-

288 2655 379 2719 festae
401 2652 572 2737 persuadet
593 2653 775 2731 auctoritas,
790 2664 822 2717 et
841 2676 914 2737 quae
936 2655 1002 2718 suis
1025 2657 1059 2718 in
1078 2669 1243 2741 utramque

290 2766 415 2840 partem
444 2755 585 2818 nituntur
615 2752 831 2817 firmamentis.
886 2756 980 2818 Talia
1009 2756 1140 2838 quidem
1170 2771 1245 2823 sunt

290 2880 365 2943 quoe
387 2871 570 2941 quaeruntur
592 2856 633 2919 (16
655 2856 867 2939 providentia,
882 2857 923 2920 de
938 2856 1127 2933 substantia,
1143 2881 1244 2943 quan·

292 2963 393 3035 litate,
417 2959 547 3035 viribus,
569 2958 727 3036 efficacia,
748 2971 782 3022 61
803 2959 925 3040 origine
948 2960 1073 3037 animan,
1095 2960 1135 3023 de
1160 2962 1244 3026 sato:

292 3062 334 3126 de
365 3061 517 3125 facilitate
547 3073 679 3135 natnrae,
708 3080 796 3137 casu,
826 3073 859 3121 ct
886 3060 987 3123 libero
1018 3061 1165 3125 arbitrio:
1204 3063 1245 3128 (16

291 3164 425 3229 materia
438 3175 471 3226 61
485 3173 583 3238 16616,
599 3171 631 3224 61
645 3161 811 3245 principiis
826 3181 1006 3243 corporum,
1022 3162 1062 3224 (16
1078 3184 1246 3245 progressu

291 3265 520 3343 multitudiuis,
542 3277 575 3327 et
599 3264 828 3345 magnitudinis
852 3263 1004 3342 sectione,
1027 3286 1068 3327 an
1094 3267 1247 3332 terminos

292 3369 426 3433 omnino
440 3388 507 3430 non
522 3364 672 3441 habeant,
681 3387 721 3428 an
738 3387 794 3428 eos
807 3365 965 3428 duntaxat
978 3363 1101 3452 ἀλόγους
1115 3369 1246 3434 taudem

293 3470 465 3535 inveniant
512 3470 562 3532 De
584 3481 737 3549 tempore,
751 3480 784 3531 61
803 3469 886 3545 166ο,
903 3468 941 3532 (16
965 3490 1108 3547 numero,
1123 3482 1156 3535 et
1177 3494 1246 3536 ora·

295 3573 393 3651 tione,
415 3572 456 3635 de
479 3570 592 3634 eodem
619 3581 652 3633 61
674 3570 810 3649 diverso,
832 3572 864 3632 16
888 3594 952 3655 quo
973 3575 1110 3656 plurima
1132 3576 1247 3639 attritio

294 3687 354 3749 661,
369 3673 410 3737 (16
431 3672 561 3737 dividuo
582 3684 614 3734 et
636 3672 816 3749 individuo,
832 3672 872 3735 de
896 3675 1073 3739 substantia
1095 3685 1127 3740 et
1147 3679 1248 3743 forma

295 3776 394 3855 vocis,
412 3776 452 3839 de
468 3785 551 3838 statu
568 3774 804 3849 universalium,
820 3774 860 3837 (16
881 3797 953 3853 usu,
968 3790 1000 3840 et
1021 3776 1096 3856 fine,
1113 3791 1248 3863 ortuque

295 3879 446 3941 virtutum
466 3887 499 3939 et
513 3875 679 3939 vitiorum:
703 3898 744 3938 an
767 3897 878 3941 omnes
898 3878 1029 3941 virtutes
1050 3879 1178 3957 habeat,
1194 3882 1250 3965 qni

294 3999 392 4041 unam
423 3975 540 4038 habet:
575 3996 616 4038 an
646 3976 754 4038 omnia
782 3990 917 4058 peccata
946 3978 1011 4041 sint
1040 3981 1188 4063 aqualia,
1217 3993 1250 4046 61

295 4078 461 4163 aequaliter
488 4076 663 4160 punienda.
708 4079 790 4141 Item
816 4078 986 4143 decausis
1011 4102 1115 4144 rerum
1137 4093 1169 4144 et
1193 4081 1247 4144 ad·

288 4179 460 4263 junctione
487 4197 608 4251 earum,
634 4176 682 4240 tel
709 4179 929 4260 repugnantia,
952 4181 991 4243 de
1018 4181 1194 4244 affluxione
1219 4191 1251 4243 61

294 4280 483 4345 defluxione
513 4277 647 4354 Oceani,
673 4276 713 4340 de
743 4291 813 4341 ortu
844 4280 922 4357 Nili,
948 4280 988 4342 de
1019 4281 1188 4342 humorum
1217 4281 1250 4343 in

292 4381 492 4446 animalibus
514 4379 703 4462 corporibus
726 4393 899 4459 augmento
921 4388 955 4441 et
978 4376 1191 4442 diminutione
1208 4379 1251 4444 ad
