3550 5467
409 694 473 753 320
669 696 805 743 rasurus
820 693 1100 740 sannsanmnnsrs
1191 679 1275 751 [mn.
1293 695 1362 739 vnr.

406 856 566 928 acerbum,
580 849 670 915 illum
687 847 816 934 quinon
832 845 891 910 nisi
907 869 981 909 vera
994 845 1190 931 loquebatur
1201 858 1233 908 et
1249 845 1361 920 dulcia,

408 959 440 1021 in
457 953 670 1043 patrocinium
686 950 808 1014 advoco
823 949 953 1012 beatum
977 947 1188 1030 Gregorium,
1204 947 1262 1032 qui
1285 970 1363 1011 acer·

409 1061 483 1125 bius
507 1056 567 1120 ista
596 1051 814 1139 persequitur.
859 1054 905 1116 Et
936 1065 971 1114 ut
1003 1064 1121 1114 caetera
1147 1064 1280 1128 taceam,
1308 1049 1362 1112 hoc

409 1159 485 1246 ipsis
499 1155 647 1220 omnibus
670 1167 781 1217 notum
797 1164 866 1216 cst:
884 1151 961 1238 quia
986 1154 1064 1216 scire
1089 1143 1217 1237 praelati
1240 1151 1362 1229 debent,

407 1260 493 1350 quod
510 1281 610 1346 quum
626 1257 686 1344 ipsi
701 1255 905 1341 delinquunt,
920 1266 969 1318 tot
990 1254 1150 1318 mortibus
1169 1254 1260 1337 digni
1282 1269 1362 1331 sunt,

410 1376 489 1450 quot
504 1361 546 1426 ad
562 1359 718 1438 subditos,
734 1356 922 1443 perditionis
937 1354 1084 1442 exempla
1099 1355 1330 1420 transmittunt.

414 1537 494 1620 Cap.
515 1539 563 1598 18.
586 1532 760 1595 Ministros
788 1529 854 1592 Dei
877 1549 945 1591 esse
974 1535 1152 1608 tyrannos:
1175 1535 1207 1591 et
1228 1529 1307 1609 quid
1323 1535 1364 1608 ty-

454 1657 603 1700 rannus:
626 1642 656 1698 et
687 1635 726 1695 de
758 1631 1145 1714 monumentique,
1171 1639 1203 1694 et
1227 1631 1363 1695 Neronis

454 1742 578 1821 nepotis
592 1738 669 1816 ejus,
685 1742 715 1797 et
731 1735 820 1797 avitu
837 1736 1016 1816 utriusque.

456 1859 646 1920 Mnusrnos
671 1852 730 1917 Dei
753 1865 856 1915 tamen
881 1864 1034 1935 tyrannos
1056 1872 1123 1914 esse
1145 1873 1209 1914 non
1232 1851 1362 1936 abnego,

413 1956 509 2043 quiin
523 1958 818 2040 utroqueprimatu,
832 1951 950 2016 seilicet
960 1952 1137 2017 animarum
1150 1967 1364 2037 etcorporum,

408 2059 499 2143 justo
514 2081 573 2121 suo
583 2057 702 2122 indicio
716 2079 783 2119 esse
796 2054 911 2131 voluit,
922 2078 1069 2140 perquos
1080 2056 1273 2141 punirentur
1284 2053 1366 2130 mali,

412 2169 445 2221 et
456 2157 702 2241 corrigerentur,
715 2172 746 2222 et
761 2172 987 2221 exercerentur
997 2156 1083 2220 boni.
1105 2159 1187 2220 Nam
1199 2167 1231 2219 et
1240 2167 1367 2239 peccata

413 2256 524 2343 populi
536 2256 659 2319 faciunt
671 2279 802 2341 regnare
815 2258 1027 2344 hypocritam,
1038 2273 1070 2322 et
1082 2257 1164 2321 sicut
1175 2259 1300 2340 Regum
1310 2266 1368 2319 tes·

413 2373 502 2426 tatur
524 2358 667 2437 historia,
691 2360 837 2424 defectus
860 2361 1073 2439 sacerdotum,
1096 2358 1127 2422 in
1153 2357 1276 2444 populo
1299 2359 1367 2436 Dei,

415 2461 714 2549 tyrannosinduxit.
731 2463 898 2550 Siquidem
910 2463 1004 2550 primi
1012 2477 1119 2549 patres
1131 2475 1162 2526 et
1169 2461 1367 2548 patriarcba,

416 2564 543 2628 vivendi
559 2564 673 2628 ducem
689 2563 843 2651 optimam
860 2579 1006 2629 naturam
1023 2567 1121 2630 secuti
1134 2577 1220 2628 suut.
1245 2567 1368 2629 Succes-

417 2680 525 2733 serunt
540 2666 640 2731 duces
654 2690 673 2729 a
690 2668 805 2754 Moyse
820 2681 988 2752 sequentes
1003 2666 1118 2751 legem,
1133 2680 1165 2730 et
1176 2665 1302 2751 judices
1313 2667 1366 2751 qui

414 2767 495 2854 legis
503 2768 692 2833 auctoritate
702 2769 854 2853 regebant
864 2767 1030 2855 populum,
1042 2781 1073 2831 et
1084 2767 1212 2831 eosdem
1222 2767 1316 2830 fuisse
1326 2768 1366 2830 le-

416 2870 521 2954 gimus
531 2870 717 2935 sacerdotes.
746 2870 888 2935 Tandem
907 2870 937 2933 in
954 2871 1062 2933 surore
1074 2867 1206 2934 Domini
1217 2868 1283 2932 dati
1295 2883 1367 2932 sunt

417 2995 516 3057 reges,
529 2972 581 3036 alii
597 2972 727 3059 quidem
743 2971 828 3050 boni,
843 2971 896 3036 alii
913 2994 987 3035 vero
1003 2971 1086 3035 mali.
1117 2974 1274 3038 Senuerat
1288 2974 1368 3036 enim

418 3073 558 3151 Samuel,
568 3086 601 3138 et
616 3096 718 3158 quum
731 3073 786 3136 filii
799 3075 868 3159 ejus
883 3096 945 3137 non
957 3074 1158 3138 ambularent
1173 3074 1207 3137 in
1224 3075 1285 3138 viis
1299 3073 1371 3150 suis,

418 3175 473 3241 sed
500 3177 666 3240 avaritiam
689 3188 721 3239 et
748 3175 965 3240 immunditias
988 3189 1198 3252 sectarentur,
1222 3176 1371 3263 populus,

416 3278 472 3364 qui
499 3278 632 3343 sortasse
658 3290 691 3341 et
715 3277 782 3362 ipse
804 3291 961 3341 meruerat
986 3294 1022 3340 ut
1043 3279 1074 3341 ei
1098 3277 1178 3341 tales
1201 3289 1370 3362 praeessent

415 3378 606 3457 sacerdotes,
631 3400 651 3440 a
679 3380 748 3441 Deo
777 3400 872 3464 quem
903 3390 1148 3462 contempserat,
1173 3378 1235 3441 sibi
1262 3399 1369 3461 regem

416 3479 560 3542 extorsit.
591 3477 739 3542 Electus
763 3492 811 3542 est
837 3501 913 3563 ergo
941 3478 1030 3556 Saul,
1055 3479 1141 3563 regis
1167 3491 1275 3543 tamen
1300 3481 1371 3565 jure

406 3578 582 3662 praedicto,
598 3578 631 3642 id
655 3592 715 3654 est,
731 3581 788 3666 qui
810 3581 892 3644 lilios
912 3603 1020 3644 eorum
1043 3581 1182 3659 tolleret,
1196 3595 1235 3647 ut
1255 3582 1369 3646 faceret

415 3678 555 3761 aurigas,
569 3694 601 3743 et
616 3678 697 3742 filias
720 3695 755 3744 ut
770 3681 915 3766 panificae
935 3683 1058 3762 fierent,
1073 3696 1106 3748 et
1127 3684 1267 3764 focariae,
1281 3704 1372 3769 agros

414 3793 446 3842 et
469 3777 600 3863 pradia,
623 3794 658 3841 ut
681 3802 718 3842 ea
742 3802 800 3864 pro
823 3783 918 3848 libito
942 3784 1149 3849 distribueret
1175 3787 1275 3849 servis
1297 3784 1370 3859 suis,

414 3875 636 3963 populumque
656 3891 760 3941 totum
785 3882 948 3948 servitutis
970 3897 1128 3969 premeret
1147 3885 1242 3971 jugo.
1282 3885 1370 3950 Idem

416 3994 520 4044 tamen
549 3975 697 4041 Christus
724 3982 854 4047 Domini
881 3984 989 4049 dictus
1018 3998 1077 4063 est,
1108 3999 1140 4050 et
1172 3986 1370 4073 tyrannidem

303 4111 308 4121 ·
415 4104 574 4158 exercens,
590 4081 712 4165 regium
729 4105 790 4148 non
810 4086 915 4152 amisit
932 4088 1095 4152 bonorem.
1135 4090 1276 4154 incussit
1291 4089 1371 4152 enirn

417 4189 505 4250 Deus
535 4187 678 4249 timorem
710 4188 869 4265 omnibus,
903 4207 939 4255 ut
969 4215 1042 4255 eum
1072 4190 1164 4279 quasi
1191 4193 1371 4259 ministrum

417 4287 558 4366 Domini,
570 4287 621 4372 cuj
627 4312 663 4352 us
675 4289 912 4376 quodammodo
924 4292 1069 4377 gestabat
1086 4294 1271 4380 imaginem,
1285 4317 1374 4360 vene·
