<?xml version="1.0" encoding="UTF-8"?>
<!DOCTYPE html PUBLIC "-//W3C//DTD XHTML 1.0 Transitional//EN"
    "http://www.w3.org/TR/xhtml1/DTD/xhtml1-transitional.dtd">
<html xmlns="http://www.w3.org/1999/xhtml" xml:lang="en" lang="en">
 <head>
  <title>
</title>
<meta http-equiv="Content-Type" content="text/html;charset=utf-8" />
  <meta name='ocr-system' content='tesseract 3.04.00' />
  <meta name='ocr-capabilities' content='ocr_page ocr_carea ocr_par ocr_line ocrx_word'/>
</head>
<body>
  <div class='ocr_page' id='page_1' title='image "./joannissaresber17johngoog_0292.png"; bbox 0 0 3550 5467; ppageno 0'>
   <div class='ocr_carea' id='block_1_1' title="bbox 415 737 1377 818">
    <p class='ocr_par' dir='ltr' id='par_1_1' title="bbox 415 737 1377 818">
     <span class='ocr_line' id='line_1_1' title="bbox 415 737 1377 818; baseline -0.005 -12"><span class='ocrx_word' id='word_1_1' title='bbox 415 747 479 806; x_wconf 70' lang='lat'><strong>282</strong></span> <span class='ocrx_word' id='word_1_2' title='bbox 676 754 813 799; x_wconf 70' lang='lat' dir='ltr'><strong>soranis</strong></span> <span class='ocrx_word' id='word_1_3' title='bbox 828 751 1115 800; x_wconf 73' lang='lat' dir='ltr'><strong>mnssaaarassrs</strong></span> <span class='ocrx_word' id='word_1_4' title='bbox 1213 737 1298 818; x_wconf 74' lang='lat' dir='ltr'><strong>[ara.</strong></span> <span class='ocrx_word' id='word_1_5' title='bbox 1313 757 1377 803; x_wconf 87' lang='lat' dir='ltr'><strong>nn.</strong></span> 
     </span>
    </p>
   </div>
   <div class='ocr_carea' id='block_1_2' title="bbox 406 904 1375 4467">
    <p class='ocr_par' dir='ltr' id='par_1_2' title="bbox 406 904 1375 4467">
     <span class='ocr_line' id='line_1_2' title="bbox 414 904 1373 991; baseline -0.004 -16"><span class='ocrx_word' id='word_1_6' title='bbox 414 913 512 975; x_wconf 86' lang='lat' dir='ltr'><strong>totius</strong></span> <span class='ocrx_word' id='word_1_7' title='bbox 524 911 652 975; x_wconf 85' lang='lat' dir='ltr'><strong>musicae</strong></span> <span class='ocrx_word' id='word_1_8' title='bbox 664 905 764 969; x_wconf 88' lang='lat' dir='ltr'><strong>melos</strong></span> <span class='ocrx_word' id='word_1_9' title='bbox 774 927 834 991; x_wconf 90' lang='lat' dir='ltr'><strong>pro</strong></span> <span class='ocrx_word' id='word_1_10' title='bbox 845 904 970 969; x_wconf 86' lang='lat' dir='ltr'><strong>viribus</strong></span> <span class='ocrx_word' id='word_1_11' title='bbox 981 904 1153 990; x_wconf 76' lang='lat' dir='ltr'><strong>expleant,</strong></span> <span class='ocrx_word' id='word_1_12' title='bbox 1165 928 1264 970; x_wconf 88' lang='lat' dir='ltr'><strong>nemo</strong></span> <span class='ocrx_word' id='word_1_13' title='bbox 1273 929 1373 971; x_wconf 84' lang='lat' dir='ltr'><strong>eornm</strong></span> 
     </span>
     <span class='ocr_line' id='line_1_3' title="bbox 412 1007 1375 1096; baseline -0.004 -20"><span class='ocrx_word' id='word_1_14' title='bbox 412 1014 621 1096; x_wconf 77' lang='lat' dir='ltr'><strong>philomenam</strong></span> <span class='ocrx_word' id='word_1_15' title='bbox 639 1007 794 1092; x_wconf 87' lang='lat' dir='ltr'><strong>aequabit,</strong></span> <span class='ocrx_word' id='word_1_16' title='bbox 808 1019 865 1069; x_wconf 90' lang='lat' dir='ltr'><strong>aut</strong></span> <span class='ocrx_word' id='word_1_17' title='bbox 885 1007 1074 1092; x_wconf 76' lang='lat' dir='ltr'><strong>psittacum.</strong></span> <span class='ocrx_word' id='word_1_18' title='bbox 1108 1010 1232 1071; x_wconf 88' lang='lat' dir='ltr'><strong>Nonne</strong></span> <span class='ocrx_word' id='word_1_19' title='bbox 1245 1031 1322 1092; x_wconf 86' lang='lat' dir='ltr'><strong>ergo</strong></span> <span class='ocrx_word' id='word_1_20' title='bbox 1333 1009 1375 1072; x_wconf 87' lang='lat' dir='ltr'><strong>in·</strong></span> 
     </span>
     <span class='ocr_line' id='line_1_4' title="bbox 406 1108 1372 1199; baseline -0.004 -21"><span class='ocrx_word' id='word_1_21' title='bbox 406 1116 521 1180; x_wconf 87' lang='lat' dir='ltr'><strong>decens</strong></span> <span class='ocrx_word' id='word_1_22' title='bbox 534 1128 566 1179; x_wconf 88' lang='lat' dir='ltr'><strong>ct</strong></span> <span class='ocrx_word' id='word_1_23' title='bbox 587 1113 776 1199; x_wconf 83' lang='lat' dir='ltr'><strong>probrosum</strong></span> <span class='ocrx_word' id='word_1_24' title='bbox 791 1125 840 1174; x_wconf 91' lang='lat' dir='ltr'><strong>est</strong></span> <span class='ocrx_word' id='word_1_25' title='bbox 856 1109 1007 1174; x_wconf 67' lang='lat' dir='ltr'><strong>humanas</strong></span> <span class='ocrx_word' id='word_1_26' title='bbox 1030 1108 1235 1189; x_wconf 87' lang='lat' dir='ltr'><strong>celsitudini,</strong></span> <span class='ocrx_word' id='word_1_27' title='bbox 1250 1112 1277 1174; x_wconf 87' lang='lat' dir='ltr'><strong>si</strong></span> <span class='ocrx_word' id='word_1_28' title='bbox 1292 1126 1372 1198; x_wconf 81' lang='lat' dir='ltr'><strong>post·</strong></span> 
     </span>
     <span class='ocr_line' id='line_1_5' title="bbox 411 1212 1374 1302; baseline 0 -22"><span class='ocrx_word' id='word_1_29' title='bbox 411 1218 514 1302; x_wconf 88' lang='lat' dir='ltr'><strong>posita</strong></span> <span class='ocrx_word' id='word_1_30' title='bbox 529 1216 604 1280; x_wconf 90' lang='lat' dir='ltr'><strong>dote</strong></span> <span class='ocrx_word' id='word_1_31' title='bbox 619 1237 688 1287; x_wconf 85' lang='lat' dir='ltr'><strong>sua,</strong></span> <span class='ocrx_word' id='word_1_32' title='bbox 704 1213 735 1275; x_wconf 90' lang='lat' dir='ltr'><strong>in</strong></span> <span class='ocrx_word' id='word_1_33' title='bbox 752 1233 818 1296; x_wconf 90' lang='lat' dir='ltr'><strong>qua</strong></span> <span class='ocrx_word' id='word_1_34' title='bbox 833 1212 997 1298; x_wconf 84' lang='lat' dir='ltr'><strong>proevalet,</strong></span> <span class='ocrx_word' id='word_1_35' title='bbox 1010 1212 1053 1275; x_wconf 92' lang='lat' dir='ltr'><strong>ad</strong></span> <span class='ocrx_word' id='word_1_36' title='bbox 1068 1212 1206 1288; x_wconf 89' lang='lat' dir='ltr'><strong>alienas,</strong></span> <span class='ocrx_word' id='word_1_37' title='bbox 1218 1214 1252 1276; x_wconf 93' lang='lat' dir='ltr'><strong>in</strong></span> <span class='ocrx_word' id='word_1_38' title='bbox 1264 1215 1374 1299; x_wconf 79' lang='lat' dir='ltr'><strong>quibus</strong></span> 
     </span>
     <span class='ocr_line' id='line_1_6' title="bbox 412 1312 1375 1403; baseline -0.003 -21"><span class='ocrx_word' id='word_1_39' title='bbox 412 1331 591 1403; x_wconf 84' lang='lat' dir='ltr'><strong>superatur.</strong></span> <span class='ocrx_word' id='word_1_40' title='bbox 607 1312 773 1401; x_wconf 80' lang='lat' dir='ltr'><strong>adspirat?</strong></span> <span class='ocrx_word' id='word_1_41' title='bbox 800 1315 916 1377; x_wconf 90' lang='lat' dir='ltr'><strong>Verurn</strong></span> <span class='ocrx_word' id='word_1_42' title='bbox 933 1313 961 1377; x_wconf 92' lang='lat' dir='ltr'><strong>si</strong></span> <span class='ocrx_word' id='word_1_43' title='bbox 977 1313 1161 1377; x_wconf 78' lang='lat' dir='ltr'><strong>moderatio</strong></span> <span class='ocrx_word' id='word_1_44' title='bbox 1175 1313 1375 1394; x_wconf 87' lang='lat' dir='ltr'><strong>adhibeatur,</strong></span> 
     </span>
     <span class='ocr_line' id='line_1_7' title="bbox 410 1414 1372 1503; baseline -0.003 -20"><span class='ocrx_word' id='word_1_45' title='bbox 410 1421 443 1483; x_wconf 93' lang='lat' dir='ltr'><strong>in</strong></span> <span class='ocrx_word' id='word_1_46' title='bbox 467 1419 516 1482; x_wconf 90' lang='lat' dir='ltr'><strong>his</strong></span> <span class='ocrx_word' id='word_1_47' title='bbox 530 1418 689 1483; x_wconf 90' lang='lat' dir='ltr'><strong>interdum</strong></span> <span class='ocrx_word' id='word_1_48' title='bbox 707 1438 855 1479; x_wconf 87' lang='lat' dir='ltr'><strong>sensuum</strong></span> <span class='ocrx_word' id='word_1_49' title='bbox 872 1414 1072 1500; x_wconf 88' lang='lat' dir='ltr'><strong>voluptatem</strong></span> <span class='ocrx_word' id='word_1_50' title='bbox 1090 1416 1228 1490; x_wconf 86' lang='lat' dir='ltr'><strong>versari,</strong></span> <span class='ocrx_word' id='word_1_51' title='bbox 1244 1417 1372 1503; x_wconf 74' lang='lat' dir='ltr'><strong>sapienti</strong></span> 
     </span>
     <span class='ocr_line' id='line_1_8' title="bbox 414 1520 1372 1604; baseline -0.003 -16"><span class='ocrx_word' id='word_1_52' title='bbox 414 1547 475 1588; x_wconf 92' lang='lat' dir='ltr'><strong>non</strong></span> <span class='ocrx_word' id='word_1_53' title='bbox 491 1524 629 1587; x_wconf 82' lang='lat' dir='ltr'><strong>arbitror</strong></span> <span class='ocrx_word' id='word_1_54' title='bbox 649 1521 851 1585; x_wconf 85' lang='lat' dir='ltr'><strong>indecorum:</strong></span> <span class='ocrx_word' id='word_1_55' title='bbox 880 1531 916 1581; x_wconf 94' lang='lat' dir='ltr'><strong>ut</strong></span> <span class='ocrx_word' id='word_1_56' title='bbox 932 1540 1158 1604; x_wconf 71' lang='lat' dir='ltr'><strong>saepenumero</strong></span> <span class='ocrx_word' id='word_1_57' title='bbox 1178 1520 1305 1585; x_wconf 88' lang='lat' dir='ltr'><strong>dictum</strong></span> <span class='ocrx_word' id='word_1_58' title='bbox 1319 1534 1372 1595; x_wconf 76' lang='lat' dir='ltr'><strong>est,</strong></span> 
     </span>
     <span class='ocr_line' id='line_1_9' title="bbox 413 1620 1374 1692; baseline -0.005 -2"><span class='ocrx_word' id='word_1_59' title='bbox 413 1626 492 1692; x_wconf 90' lang='lat' dir='ltr'><strong>nibil</strong></span> <span class='ocrx_word' id='word_1_60' title='bbox 515 1626 666 1690; x_wconf 92' lang='lat' dir='ltr'><strong>decorum</strong></span> <span class='ocrx_word' id='word_1_61' title='bbox 690 1640 737 1685; x_wconf 87' lang='lat' dir='ltr'><strong>est</strong></span> <span class='ocrx_word' id='word_1_62' title='bbox 761 1623 827 1684; x_wconf 90' lang='lat' dir='ltr'><strong>sine</strong></span> <span class='ocrx_word' id='word_1_63' title='bbox 850 1620 956 1683; x_wconf 90' lang='lat' dir='ltr'><strong>modo.</strong></span> <span class='ocrx_word' id='word_1_64' title='bbox 995 1624 1081 1684; x_wconf 89' lang='lat' dir='ltr'><strong>Nam</strong></span> <span class='ocrx_word' id='word_1_65' title='bbox 1105 1635 1140 1685; x_wconf 92' lang='lat' dir='ltr'><strong>et</strong></span> <span class='ocrx_word' id='word_1_66' title='bbox 1161 1624 1264 1686; x_wconf 91' lang='lat' dir='ltr'><strong>ociari</strong></span> <span class='ocrx_word' id='word_1_67' title='bbox 1284 1622 1374 1686; x_wconf 85' lang='lat' dir='ltr'><strong>inter·</strong></span> 
     </span>
     <span class='ocr_line' id='line_1_10' title="bbox 414 1721 1375 1812; baseline -0.002 -21"><span class='ocrx_word' id='word_1_68' title='bbox 414 1728 492 1791; x_wconf 90' lang='lat' dir='ltr'><strong>dnm</strong></span> <span class='ocrx_word' id='word_1_69' title='bbox 520 1725 656 1812; x_wconf 83' lang='lat' dir='ltr'><strong>sapienti</strong></span> <span class='ocrx_word' id='word_1_70' title='bbox 687 1721 841 1786; x_wconf 81' lang='lat' dir='ltr'><strong>familiare</strong></span> <span class='ocrx_word' id='word_1_71' title='bbox 866 1734 927 1797; x_wconf 91' lang='lat' dir='ltr'><strong>est,</strong></span> <span class='ocrx_word' id='word_1_72' title='bbox 955 1742 1018 1782; x_wconf 91' lang='lat' dir='ltr'><strong>non</strong></span> <span class='ocrx_word' id='word_1_73' title='bbox 1047 1735 1156 1784; x_wconf 85' lang='lat' dir='ltr'><strong>tamen</strong></span> <span class='ocrx_word' id='word_1_74' title='bbox 1186 1738 1224 1788; x_wconf 91' lang='lat' dir='ltr'><strong>ut</strong></span> <span class='ocrx_word' id='word_1_75' title='bbox 1251 1723 1375 1789; x_wconf 73' lang='lat' dir='ltr'><strong>virtutis</strong></span> 
     </span>
     <span class='ocr_line' id='line_1_11' title="bbox 412 1823 1372 1912; baseline -0.001 -19"><span class='ocrx_word' id='word_1_76' title='bbox 412 1830 597 1893; x_wconf 85' lang='lat' dir='ltr'><strong>exercitium</strong></span> <span class='ocrx_word' id='word_1_77' title='bbox 621 1837 797 1900; x_wconf 81' lang='lat' dir='ltr'><strong>evanescat,</strong></span> <span class='ocrx_word' id='word_1_78' title='bbox 812 1823 866 1886; x_wconf 88' lang='lat' dir='ltr'><strong>sed</strong></span> <span class='ocrx_word' id='word_1_79' title='bbox 891 1845 957 1906; x_wconf 91' lang='lat' dir='ltr'><strong>quo</strong></span> <span class='ocrx_word' id='word_1_80' title='bbox 979 1823 1083 1906; x_wconf 77' lang='lat' dir='ltr'><strong>magis</strong></span> <span class='ocrx_word' id='word_1_81' title='bbox 1106 1825 1229 1909; x_wconf 81' lang='lat' dir='ltr'><strong>vigeat,</strong></span> <span class='ocrx_word' id='word_1_82' title='bbox 1244 1840 1278 1892; x_wconf 87' lang='lat' dir='ltr'><strong>et</strong></span> <span class='ocrx_word' id='word_1_83' title='bbox 1297 1849 1372 1912; x_wconf 88' lang='lat' dir='ltr'><strong>qno·</strong></span> 
     </span>
     <span class='ocr_line' id='line_1_12' title="bbox 413 1924 1372 2014; baseline -0.001 -20"><span class='ocrx_word' id='word_1_84' title='bbox 413 1930 586 1994; x_wconf 87' lang='lat' dir='ltr'><strong>dammodo</strong></span> <span class='ocrx_word' id='word_1_85' title='bbox 599 1937 765 1992; x_wconf 85' lang='lat' dir='ltr'><strong>recreetur.</strong></span> <span class='ocrx_word' id='word_1_86' title='bbox 796 1924 959 2010; x_wconf 88' lang='lat' dir='ltr'><strong>Siquidem</strong></span> <span class='ocrx_word' id='word_1_87' title='bbox 979 1925 1103 1989; x_wconf 85' lang='lat' dir='ltr'><strong>Lreliua</strong></span> <span class='ocrx_word' id='word_1_88' title='bbox 1118 1939 1151 1990; x_wconf 90' lang='lat' dir='ltr'><strong>et</strong></span> <span class='ocrx_word' id='word_1_89' title='bbox 1165 1928 1286 2014; x_wconf 88' lang='lat' dir='ltr'><strong>Scipio,</strong></span> <span class='ocrx_word' id='word_1_90' title='bbox 1295 1929 1372 1993; x_wconf 90' lang='lat' dir='ltr'><strong>illud</strong></span> 
     </span>
     <span class='ocr_line' id='line_1_13' title="bbox 413 2025 1371 2118; baseline 0.001 -25"><span class='ocrx_word' id='word_1_91' title='bbox 413 2056 472 2118; x_wconf 87' lang='lat' dir='ltr'><strong>par</strong></span> <span class='ocrx_word' id='word_1_92' title='bbox 486 2031 602 2095; x_wconf 90' lang='lat' dir='ltr'><strong>amoris</strong></span> <span class='ocrx_word' id='word_1_93' title='bbox 623 2030 758 2113; x_wconf 85' lang='lat' dir='ltr'><strong>insigne,</strong></span> <span class='ocrx_word' id='word_1_94' title='bbox 773 2026 866 2090; x_wconf 88' lang='lat' dir='ltr'><strong>simul</strong></span> <span class='ocrx_word' id='word_1_95' title='bbox 891 2025 1090 2105; x_wconf 83' lang='lat' dir='ltr'><strong>lectitabant,</strong></span> <span class='ocrx_word' id='word_1_96' title='bbox 1104 2042 1138 2091; x_wconf 91' lang='lat' dir='ltr'><strong>et</strong></span> <span class='ocrx_word' id='word_1_97' title='bbox 1161 2029 1246 2094; x_wconf 90' lang='lat' dir='ltr'><strong>sicut</strong></span> <span class='ocrx_word' id='word_1_98' title='bbox 1268 2031 1371 2095; x_wconf 78' lang='lat' dir='ltr'><strong>remis·</strong></span> 
     </span>
     <span class='ocr_line' id='line_1_14' title="bbox 414 2129 1371 2211; baseline 0.001 -15"><span class='ocrx_word' id='word_1_99' title='bbox 414 2135 511 2196; x_wconf 88' lang='lat' dir='ltr'><strong>sionis</strong></span> <span class='ocrx_word' id='word_1_100' title='bbox 532 2154 641 2203; x_wconf 84' lang='lat' dir='ltr'><strong>eorum</strong></span> <span class='ocrx_word' id='word_1_101' title='bbox 669 2129 863 2193; x_wconf 87' lang='lat' dir='ltr'><strong>certissimus</strong></span> <span class='ocrx_word' id='word_1_102' title='bbox 889 2130 979 2193; x_wconf 88' lang='lat' dir='ltr'><strong>testis</strong></span> <span class='ocrx_word' id='word_1_103' title='bbox 1007 2130 1153 2194; x_wconf 85' lang='lat' dir='ltr'><strong>Scaevola</strong></span> <span class='ocrx_word' id='word_1_104' title='bbox 1177 2147 1292 2197; x_wconf 86' lang='lat' dir='ltr'><strong>auctor</strong></span> <span class='ocrx_word' id='word_1_105' title='bbox 1316 2147 1371 2211; x_wconf 86' lang='lat' dir='ltr'><strong>est,</strong></span> 
     </span>
     <span class='ocr_line' id='line_1_15' title="bbox 413 2229 1371 2322; baseline 0.001 -24"><span class='ocrx_word' id='word_1_106' title='bbox 413 2233 696 2315; x_wconf 81' lang='lat' dir='ltr'><strong>civilibussatigati</strong></span> <span class='ocrx_word' id='word_1_107' title='bbox 708 2231 854 2314; x_wconf 84' lang='lat' dir='ltr'><strong>negotiis,</strong></span> <span class='ocrx_word' id='word_1_108' title='bbox 864 2229 1108 2316; x_wconf 87' lang='lat' dir='ltr'><strong>pilaludebant.</strong></span> <span class='ocrx_word' id='word_1_109' title='bbox 1142 2235 1236 2298; x_wconf 89' lang='lat' dir='ltr'><strong>Idem</strong></span> <span class='ocrx_word' id='word_1_110' title='bbox 1247 2259 1371 2322; x_wconf 89' lang='lat' dir='ltr'><strong>quoque</strong></span> 
     </span>
     <span class='ocr_line' id='line_1_16' title="bbox 416 2331 1369 2411; baseline 0.002 -14"><span class='ocrx_word' id='word_1_111' title='bbox 416 2332 556 2397; x_wconf 84' lang='lat' dir='ltr'><strong>Scaerola</strong></span> <span class='ocrx_word' id='word_1_112' title='bbox 578 2333 654 2395; x_wconf 85' lang='lat' dir='ltr'><strong>aleae</strong></span> <span class='ocrx_word' id='word_1_113' title='bbox 677 2345 708 2395; x_wconf 90' lang='lat' dir='ltr'><strong>et</strong></span> <span class='ocrx_word' id='word_1_114' title='bbox 731 2331 862 2396; x_wconf 88' lang='lat' dir='ltr'><strong>calculis</strong></span> <span class='ocrx_word' id='word_1_115' title='bbox 884 2332 1047 2397; x_wconf 86' lang='lat' dir='ltr'><strong>interdurn</strong></span> <span class='ocrx_word' id='word_1_116' title='bbox 1072 2356 1201 2398; x_wconf 81' lang='lat' dir='ltr'><strong>vacasse</strong></span> <span class='ocrx_word' id='word_1_117' title='bbox 1224 2337 1369 2411; x_wconf 87' lang='lat' dir='ltr'><strong>traditur,</strong></span> 
     </span>
     <span class='ocr_line' id='line_1_17' title="bbox 413 2433 1369 2523; baseline 0.004 -25"><span class='ocrx_word' id='word_1_118' title='bbox 413 2458 515 2520; x_wconf 90' lang='lat' dir='ltr'><strong>quum</strong></span> <span class='ocrx_word' id='word_1_119' title='bbox 531 2435 612 2499; x_wconf 90' lang='lat' dir='ltr'><strong>bene</strong></span> <span class='ocrx_word' id='word_1_120' title='bbox 621 2458 658 2497; x_wconf 92' lang='lat' dir='ltr'><strong>ac</strong></span> <span class='ocrx_word' id='word_1_121' title='bbox 668 2433 807 2521; x_wconf 88' lang='lat' dir='ltr'><strong>diujnra</strong></span> <span class='ocrx_word' id='word_1_122' title='bbox 817 2435 949 2512; x_wconf 90' lang='lat' dir='ltr'><strong>civium,</strong></span> <span class='ocrx_word' id='word_1_123' title='bbox 959 2436 1223 2523; x_wconf 84' lang='lat' dir='ltr'><strong>ceremoniasque</strong></span> <span class='ocrx_word' id='word_1_124' title='bbox 1235 2442 1369 2503; x_wconf 91' lang='lat' dir='ltr'><strong>Deorum</strong></span> 
     </span>
     <span class='ocr_line' id='line_1_18' title="bbox 413 2536 1370 2616; baseline 0.002 -14"><span class='ocrx_word' id='word_1_125' title='bbox 413 2537 598 2602; x_wconf 90' lang='lat' dir='ltr'><strong>ordinasset.</strong></span> <span class='ocrx_word' id='word_1_126' title='bbox 636 2540 684 2603; x_wconf 95' lang='lat' dir='ltr'><strong>Ut</strong></span> <span class='ocrx_word' id='word_1_127' title='bbox 700 2536 782 2599; x_wconf 89' lang='lat' dir='ltr'><strong>enirn</strong></span> <span class='ocrx_word' id='word_1_128' title='bbox 805 2537 838 2599; x_wconf 91' lang='lat' dir='ltr'><strong>in</strong></span> <span class='ocrx_word' id='word_1_129' title='bbox 855 2539 951 2602; x_wconf 89' lang='lat' dir='ltr'><strong>rebus</strong></span> <span class='ocrx_word' id='word_1_130' title='bbox 969 2539 1059 2602; x_wconf 90' lang='lat' dir='ltr'><strong>seriis</strong></span> <span class='ocrx_word' id='word_1_131' title='bbox 1074 2540 1268 2616; x_wconf 80' lang='lat' dir='ltr'><strong>Scravolam,</strong></span> <span class='ocrx_word' id='word_1_132' title='bbox 1283 2540 1327 2604; x_wconf 90' lang='lat' dir='ltr'><strong>ita</strong></span> <span class='ocrx_word' id='word_1_133' title='bbox 1340 2541 1370 2604; x_wconf 89' lang='lat' dir='ltr'><strong>in</strong></span> 
     </span>
     <span class='ocr_line' id='line_1_19' title="bbox 413 2640 1371 2723; baseline 0 -19"><span class='ocrx_word' id='word_1_134' title='bbox 413 2641 540 2704; x_wconf 88' lang='lat' dir='ltr'><strong>lusibus</strong></span> <span class='ocrx_word' id='word_1_135' title='bbox 555 2640 712 2703; x_wconf 87' lang='lat' dir='ltr'><strong>hominem</strong></span> <span class='ocrx_word' id='word_1_136' title='bbox 728 2640 853 2722; x_wconf 82' lang='lat' dir='ltr'><strong>agebat,</strong></span> <span class='ocrx_word' id='word_1_137' title='bbox 866 2662 961 2723; x_wconf 89' lang='lat' dir='ltr'><strong>quem</strong></span> <span class='ocrx_word' id='word_1_138' title='bbox 978 2663 1088 2704; x_wconf 90' lang='lat' dir='ltr'><strong>rerum</strong></span> <span class='ocrx_word' id='word_1_139' title='bbox 1101 2652 1218 2706; x_wconf 90' lang='lat' dir='ltr'><strong>natura</strong></span> <span class='ocrx_word' id='word_1_140' title='bbox 1232 2641 1371 2705; x_wconf 78' lang='lat' dir='ltr'><strong>continui</strong></span> 
     </span>
     <span class='ocr_line' id='line_1_20' title="bbox 416 2741 1371 2829; baseline 0.002 -24"><span class='ocrx_word' id='word_1_141' title='bbox 416 2741 532 2807; x_wconf 89' lang='lat' dir='ltr'><strong>laboris</strong></span> <span class='ocrx_word' id='word_1_142' title='bbox 543 2744 715 2828; x_wconf 86' lang='lat' dir='ltr'><strong>patientem</strong></span> <span class='ocrx_word' id='word_1_143' title='bbox 732 2764 868 2805; x_wconf 88' lang='lat' dir='ltr'><strong>essenon</strong></span> <span class='ocrx_word' id='word_1_144' title='bbox 882 2742 966 2805; x_wconf 87' lang='lat' dir='ltr'><strong>sinit.</strong></span> <span class='ocrx_word' id='word_1_145' title='bbox 1000 2744 1107 2829; x_wconf 85' lang='lat' dir='ltr'><strong>quue</strong></span> <span class='ocrx_word' id='word_1_146' title='bbox 1122 2744 1206 2808; x_wconf 90' lang='lat' dir='ltr'><strong>vidit</strong></span> <span class='ocrx_word' id='word_1_147' title='bbox 1219 2748 1371 2822; x_wconf 87' lang='lat' dir='ltr'><strong>Socrates,</strong></span> 
     </span>
     <span class='ocr_line' id='line_1_21' title="bbox 415 2843 1371 2933; baseline 0.002 -25"><span class='ocrx_word' id='word_1_148' title='bbox 415 2845 472 2930; x_wconf 93' lang='lat' dir='ltr'><strong>qui</strong></span> <span class='ocrx_word' id='word_1_149' title='bbox 483 2845 600 2908; x_wconf 89' lang='lat' dir='ltr'><strong>nullam</strong></span> <span class='ocrx_word' id='word_1_150' title='bbox 615 2845 777 2932; x_wconf 75' lang='lat' dir='ltr'><strong>sapientia</strong></span> <span class='ocrx_word' id='word_1_151' title='bbox 786 2857 908 2928; x_wconf 88' lang='lat' dir='ltr'><strong>partem</strong></span> <span class='ocrx_word' id='word_1_152' title='bbox 921 2843 1040 2908; x_wconf 90' lang='lat' dir='ltr'><strong>dicitur</strong></span> <span class='ocrx_word' id='word_1_153' title='bbox 1052 2846 1204 2911; x_wconf 85' lang='lat' dir='ltr'><strong>babuisse</strong></span> <span class='ocrx_word' id='word_1_154' title='bbox 1215 2847 1371 2933; x_wconf 74' lang='lat' dir='ltr'><strong>ignotam,</strong></span> 
     </span>
     <span class='ocr_line' id='line_1_22' title="bbox 416 2948 1371 3036; baseline 0.002 -26"><span class='ocrx_word' id='word_1_155' title='bbox 416 2948 554 3034; x_wconf 89' lang='lat' dir='ltr'><strong>ideoque</strong></span> <span class='ocrx_word' id='word_1_156' title='bbox 570 2971 632 3013; x_wconf 91' lang='lat' dir='ltr'><strong>non</strong></span> <span class='ocrx_word' id='word_1_157' title='bbox 649 2948 779 3012; x_wconf 90' lang='lat' dir='ltr'><strong>erubuit</strong></span> <span class='ocrx_word' id='word_1_158' title='bbox 795 2961 881 3023; x_wconf 91' lang='lat' dir='ltr'><strong>tunc,</strong></span> <span class='ocrx_word' id='word_1_159' title='bbox 898 2970 998 3031; x_wconf 87' lang='lat' dir='ltr'><strong>quum</strong></span> <span class='ocrx_word' id='word_1_160' title='bbox 1015 2948 1204 3036; x_wconf 83' lang='lat' dir='ltr'><strong>interposita</strong></span> <span class='ocrx_word' id='word_1_161' title='bbox 1219 2949 1371 3014; x_wconf 86' lang='lat' dir='ltr'><strong>arundine</strong></span> 
     </span>
     <span class='ocr_line' id='line_1_23' title="bbox 415 3048 1371 3134; baseline 0.001 -21"><span class='ocrx_word' id='word_1_162' title='bbox 415 3048 562 3113; x_wconf 88' lang='lat' dir='ltr'><strong>cruribus</strong></span> <span class='ocrx_word' id='word_1_163' title='bbox 575 3053 653 3124; x_wconf 87' lang='lat' dir='ltr'><strong>suis,</strong></span> <span class='ocrx_word' id='word_1_164' title='bbox 662 3072 733 3113; x_wconf 90' lang='lat' dir='ltr'><strong>cum</strong></span> <span class='ocrx_word' id='word_1_165' title='bbox 747 3048 889 3134; x_wconf 89' lang='lat' dir='ltr'><strong>parvulis</strong></span> <span class='ocrx_word' id='word_1_166' title='bbox 900 3048 1006 3112; x_wconf 90' lang='lat' dir='ltr'><strong>filiolis</strong></span> <span class='ocrx_word' id='word_1_167' title='bbox 1017 3049 1145 3128; x_wconf 89' lang='lat' dir='ltr'><strong>ludens,</strong></span> <span class='ocrx_word' id='word_1_168' title='bbox 1155 3052 1197 3116; x_wconf 89' lang='lat' dir='ltr'><strong>ab</strong></span> <span class='ocrx_word' id='word_1_169' title='bbox 1210 3050 1371 3117; x_wconf 79' lang='lat' dir='ltr'><strong>Alcibiade</strong></span> 
     </span>
     <span class='ocr_line' id='line_1_24' title="bbox 414 3148 1371 3236; baseline 0.001 -23"><span class='ocrx_word' id='word_1_170' title='bbox 414 3150 497 3216; x_wconf 90' lang='lat' dir='ltr'><strong>risus</strong></span> <span class='ocrx_word' id='word_1_171' title='bbox 520 3163 577 3214; x_wconf 88' lang='lat' dir='ltr'><strong>est.</strong></span> <span class='ocrx_word' id='word_1_172' title='bbox 624 3153 785 3214; x_wconf 88' lang='lat' dir='ltr'><strong>Homerus</strong></span> <span class='ocrx_word' id='word_1_173' title='bbox 807 3171 945 3234; x_wconf 88' lang='lat' dir='ltr'><strong>quoqne,</strong></span> <span class='ocrx_word' id='word_1_174' title='bbox 967 3148 1108 3215; x_wconf 86' lang='lat' dir='ltr'><strong>coelestis</strong></span> <span class='ocrx_word' id='word_1_175' title='bbox 1130 3165 1222 3215; x_wconf 84' lang='lat' dir='ltr'><strong>vates</strong></span> <span class='ocrx_word' id='word_1_176' title='bbox 1245 3152 1371 3236; x_wconf 77' lang='lat' dir='ltr'><strong>ingenii,</strong></span> 
     </span>
     <span class='ocr_line' id='line_1_25' title="bbox 414 3250 1371 3325; baseline 0.002 -8"><span class='ocrx_word' id='word_1_177' title='bbox 414 3276 478 3317; x_wconf 92' lang='lat' dir='ltr'><strong>non</strong></span> <span class='ocrx_word' id='word_1_178' title='bbox 504 3251 591 3315; x_wconf 90' lang='lat' dir='ltr'><strong>aliud</strong></span> <span class='ocrx_word' id='word_1_179' title='bbox 618 3252 725 3325; x_wconf 88' lang='lat' dir='ltr'><strong>sentit,</strong></span> <span class='ocrx_word' id='word_1_180' title='bbox 749 3250 1030 3314; x_wconf 81' lang='lat' dir='ltr'><strong>vehementissimis</strong></span> <span class='ocrx_word' id='word_1_181' title='bbox 1059 3252 1197 3317; x_wconf 83' lang='lat' dir='ltr'><strong>Achillis</strong></span> <span class='ocrx_word' id='word_1_182' title='bbox 1224 3255 1371 3319; x_wconf 90' lang='lat' dir='ltr'><strong>manibus</strong></span> 
     </span>
     <span class='ocr_line' id='line_1_26' title="bbox 414 3349 1370 3436; baseline 0.001 -20"><span class='ocrx_word' id='word_1_183' title='bbox 414 3375 545 3416; x_wconf 85' lang='lat' dir='ltr'><strong>canoras</strong></span> <span class='ocrx_word' id='word_1_184' title='bbox 566 3351 645 3415; x_wconf 90' lang='lat' dir='ltr'><strong>fides</strong></span> <span class='ocrx_word' id='word_1_185' title='bbox 665 3349 815 3436; x_wconf 91' lang='lat' dir='ltr'><strong>aptando,</strong></span> <span class='ocrx_word' id='word_1_186' title='bbox 830 3351 889 3414; x_wconf 89' lang='lat' dir='ltr'><strong>nisi</strong></span> <span class='ocrx_word' id='word_1_187' title='bbox 914 3365 949 3415; x_wconf 92' lang='lat' dir='ltr'><strong>ut</strong></span> <span class='ocrx_word' id='word_1_188' title='bbox 971 3374 1079 3415; x_wconf 86' lang='lat' dir='ltr'><strong>earum</strong></span> <span class='ocrx_word' id='word_1_189' title='bbox 1104 3353 1244 3416; x_wconf 90' lang='lat' dir='ltr'><strong>militare</strong></span> <span class='ocrx_word' id='word_1_190' title='bbox 1264 3356 1370 3432; x_wconf 90' lang='lat' dir='ltr'><strong>robur,</strong></span> 
     </span>
     <span class='ocr_line' id='line_1_27' title="bbox 415 3453 1370 3540; baseline 0.003 -23"><span class='ocrx_word' id='word_1_191' title='bbox 415 3455 477 3518; x_wconf 89' lang='lat' dir='ltr'><strong>levi</strong></span> <span class='ocrx_word' id='word_1_192' title='bbox 493 3454 580 3540; x_wconf 86' lang='lat' dir='ltr'><strong>pacis</strong></span> <span class='ocrx_word' id='word_1_193' title='bbox 598 3454 718 3529; x_wconf 90' lang='lat' dir='ltr'><strong>studio,</strong></span> <span class='ocrx_word' id='word_1_194' title='bbox 742 3453 906 3517; x_wconf 86' lang='lat' dir='ltr'><strong>relaxaret.</strong></span> <span class='ocrx_word' id='word_1_195' title='bbox 946 3455 984 3516; x_wconf 92' lang='lat' dir='ltr'><strong>ln</strong></span> <span class='ocrx_word' id='word_1_196' title='bbox 1006 3476 1141 3529; x_wconf 89' lang='lat' dir='ltr'><strong>summa,</strong></span> <span class='ocrx_word' id='word_1_197' title='bbox 1163 3455 1370 3533; x_wconf 86' lang='lat' dir='ltr'><strong>histrioniam,</strong></span> 
     </span>
     <span class='ocr_line' id='line_1_28' title="bbox 415 3554 1372 3641; baseline 0.004 -23"><span class='ocrx_word' id='word_1_198' title='bbox 415 3555 619 3633; x_wconf 87' lang='lat' dir='ltr'><strong>saltatoriam,</strong></span> <span class='ocrx_word' id='word_1_199' title='bbox 634 3569 666 3619; x_wconf 89' lang='lat' dir='ltr'><strong>et</strong></span> <span class='ocrx_word' id='word_1_200' title='bbox 685 3555 868 3641; x_wconf 84' lang='lat' dir='ltr'><strong>hujusmodi</strong></span> <span class='ocrx_word' id='word_1_201' title='bbox 884 3554 1038 3618; x_wconf 86' lang='lat' dir='ltr'><strong>lenocinia</strong></span> <span class='ocrx_word' id='word_1_202' title='bbox 1057 3578 1218 3634; x_wconf 86' lang='lat' dir='ltr'><strong>exercere,</strong></span> <span class='ocrx_word' id='word_1_203' title='bbox 1236 3558 1372 3622; x_wconf 81' lang='lat' dir='ltr'><strong>levitatis</strong></span> 
     </span>
     <span class='ocr_line' id='line_1_29' title="bbox 414 3655 1369 3739; baseline 0.007 -20"><span class='ocrx_word' id='word_1_204' title='bbox 414 3669 470 3719; x_wconf 90' lang='lat' dir='ltr'><strong>aut</strong></span> <span class='ocrx_word' id='word_1_205' title='bbox 492 3655 702 3739; x_wconf 87' lang='lat' dir='ltr'><strong>turpitudinis</strong></span> <span class='ocrx_word' id='word_1_206' title='bbox 724 3671 783 3720; x_wconf 88' lang='lat' dir='ltr'><strong>est.</strong></span> <span class='ocrx_word' id='word_1_207' title='bbox 829 3657 892 3723; x_wconf 90' lang='lat' dir='ltr'><strong>Sed</strong></span> <span class='ocrx_word' id='word_1_208' title='bbox 915 3657 1064 3720; x_wconf 89' lang='lat' dir='ltr'><strong>delectari</strong></span> <span class='ocrx_word' id='word_1_209' title='bbox 1088 3658 1120 3722; x_wconf 88' lang='lat' dir='ltr'><strong>in</strong></span> <span class='ocrx_word' id='word_1_210' title='bbox 1143 3661 1201 3739; x_wconf 88' lang='lat' dir='ltr'><strong>eis,</strong></span> <span class='ocrx_word' id='word_1_211' title='bbox 1223 3684 1309 3726; x_wconf 90' lang='lat' dir='ltr'><strong>nunc</strong></span> <span class='ocrx_word' id='word_1_212' title='bbox 1329 3661 1369 3726; x_wconf 86' lang='lat' dir='ltr'><strong>ad</strong></span> 
     </span>
     <span class='ocr_line' id='line_1_30' title="bbox 413 3756 1369 3843; baseline 0.006 -22"><span class='ocrx_word' id='word_1_213' title='bbox 413 3759 493 3833; x_wconf 92' lang='lat' dir='ltr'><strong>ocia,</strong></span> <span class='ocrx_word' id='word_1_214' title='bbox 509 3778 592 3819; x_wconf 93' lang='lat' dir='ltr'><strong>nunc</strong></span> <span class='ocrx_word' id='word_1_215' title='bbox 612 3756 652 3820; x_wconf 85' lang='lat' dir='ltr'><strong>ad</strong></span> <span class='ocrx_word' id='word_1_216' title='bbox 676 3759 798 3843; x_wconf 84' lang='lat' dir='ltr'><strong>flagitia</strong></span> <span class='ocrx_word' id='word_1_217' title='bbox 817 3760 950 3825; x_wconf 85' lang='lat' dir='ltr'><strong>accedit.</strong></span> <span class='ocrx_word' id='word_1_218' title='bbox 988 3761 1022 3825; x_wconf 90' lang='lat' dir='ltr'><strong>Si</strong></span> <span class='ocrx_word' id='word_1_219' title='bbox 1042 3763 1127 3824; x_wconf 86' lang='lat' dir='ltr'><strong>onim</strong></span> <span class='ocrx_word' id='word_1_220' title='bbox 1151 3764 1296 3827; x_wconf 85' lang='lat' dir='ltr'><strong>modeste</strong></span> <span class='ocrx_word' id='word_1_221' title='bbox 1317 3764 1369 3827; x_wconf 83' lang='lat' dir='ltr'><strong>liat</strong></span> 
     </span>
     <span class='ocr_line' id='line_1_31' title="bbox 412 3859 1369 3937; baseline 0.004 -11"><span class='ocrx_word' id='word_1_222' title='bbox 412 3860 453 3926; x_wconf 88' lang='lat' dir='ltr'><strong>ad</strong></span> <span class='ocrx_word' id='word_1_223' title='bbox 469 3859 704 3937; x_wconf 84' lang='lat' dir='ltr'><strong>recreationem,</strong></span> <span class='ocrx_word' id='word_1_224' title='bbox 721 3862 781 3925; x_wconf 90' lang='lat' dir='ltr'><strong>sub</strong></span> <span class='ocrx_word' id='word_1_225' title='bbox 795 3862 919 3927; x_wconf 89' lang='lat' dir='ltr'><strong>ociandi</strong></span> <span class='ocrx_word' id='word_1_226' title='bbox 935 3863 1061 3927; x_wconf 86' lang='lat' dir='ltr'><strong>licentia</strong></span> <span class='ocrx_word' id='word_1_227' title='bbox 1075 3878 1266 3930; x_wconf 82' lang='lat' dir='ltr'><strong>excusatur:</strong></span> <span class='ocrx_word' id='word_1_228' title='bbox 1290 3866 1316 3930; x_wconf 90' lang='lat' dir='ltr'><strong>si</strong></span> <span class='ocrx_word' id='word_1_229' title='bbox 1329 3866 1369 3931; x_wconf 90' lang='lat' dir='ltr'><strong>ad</strong></span> 
     </span>
     <span class='ocr_line' id='line_1_32' title="bbox 414 3962 1369 4048; baseline 0.004 -20"><span class='ocrx_word' id='word_1_230' title='bbox 414 3962 603 4028; x_wconf 87' lang='lat' dir='ltr'><strong>lascivientis</strong></span> <span class='ocrx_word' id='word_1_231' title='bbox 618 3964 714 4027; x_wconf 91' lang='lat' dir='ltr'><strong>animi</strong></span> <span class='ocrx_word' id='word_1_232' title='bbox 736 3964 946 4048; x_wconf 88' lang='lat' dir='ltr'><strong>voluptatem,</strong></span> <span class='ocrx_word' id='word_1_233' title='bbox 964 3966 1048 4029; x_wconf 86' lang='lat' dir='ltr'><strong>cadit</strong></span> <span class='ocrx_word' id='word_1_234' title='bbox 1069 3965 1101 4029; x_wconf 91' lang='lat' dir='ltr'><strong>in</strong></span> <span class='ocrx_word' id='word_1_235' title='bbox 1118 3968 1251 4033; x_wconf 88' lang='lat' dir='ltr'><strong>crimen.</strong></span> <span class='ocrx_word' id='word_1_236' title='bbox 1291 3970 1369 4032; x_wconf 84' lang='lat' dir='ltr'><strong>Hrec</strong></span> 
     </span>
     <span class='ocr_line' id='line_1_33' title="bbox 412 4066 1369 4157; baseline 0.002 -24"><span class='ocrx_word' id='word_1_237' title='bbox 412 4084 519 4134; x_wconf 84' lang='lat' dir='ltr'><strong>autem</strong></span> <span class='ocrx_word' id='word_1_238' title='bbox 542 4066 690 4133; x_wconf 81' lang='lat' dir='ltr'><strong>facillime</strong></span> <span class='ocrx_word' id='word_1_239' title='bbox 712 4069 892 4151; x_wconf 77' lang='lat' dir='ltr'><strong>distinguit,</strong></span> <span class='ocrx_word' id='word_1_240' title='bbox 914 4069 985 4143; x_wconf 93' lang='lat' dir='ltr'><strong>loci,</strong></span> <span class='ocrx_word' id='word_1_241' title='bbox 1003 4071 1166 4156; x_wconf 86' lang='lat' dir='ltr'><strong>temporis,</strong></span> <span class='ocrx_word' id='word_1_242' title='bbox 1190 4071 1289 4150; x_wconf 90' lang='lat' dir='ltr'><strong>modi,</strong></span> <span class='ocrx_word' id='word_1_243' title='bbox 1302 4094 1369 4157; x_wconf 85' lang='lat' dir='ltr'><strong>pcr-</strong></span> 
     </span>
     <span class='ocr_line' id='line_1_34' title="bbox 414 4172 1368 4262; baseline 0.004 -27"><span class='ocrx_word' id='word_1_244' title='bbox 414 4196 510 4252; x_wconf 87' lang='lat' dir='ltr'><strong>sonae,</strong></span> <span class='ocrx_word' id='word_1_245' title='bbox 532 4187 563 4236; x_wconf 89' lang='lat' dir='ltr'><strong>et</strong></span> <span class='ocrx_word' id='word_1_246' title='bbox 586 4194 690 4236; x_wconf 76' lang='lat' dir='ltr'><strong>causan</strong></span> <span class='ocrx_word' id='word_1_247' title='bbox 717 4172 863 4257; x_wconf 87' lang='lat' dir='ltr'><strong>superius</strong></span> <span class='ocrx_word' id='word_1_248' title='bbox 886 4186 1059 4235; x_wconf 85' lang='lat' dir='ltr'><strong>memorata</strong></span> <span class='ocrx_word' id='word_1_249' title='bbox 1087 4173 1253 4255; x_wconf 88' lang='lat' dir='ltr'><strong>discretio,</strong></span> <span class='ocrx_word' id='word_1_250' title='bbox 1274 4197 1368 4262; x_wconf 88' lang='lat' dir='ltr'><strong>quarn</strong></span> 
     </span>
     <span class='ocr_line' id='line_1_35' title="bbox 413 4274 1368 4358; baseline 0.002 -20"><span class='ocrx_word' id='word_1_251' title='bbox 413 4276 496 4340; x_wconf 87' lang='lat' dir='ltr'><strong>forte</strong></span> <span class='ocrx_word' id='word_1_252' title='bbox 512 4275 604 4338; x_wconf 88' lang='lat' dir='ltr'><strong>nimis</strong></span> <span class='ocrx_word' id='word_1_253' title='bbox 619 4274 780 4337; x_wconf 80' lang='lat' dir='ltr'><strong>revolvere</strong></span> <span class='ocrx_word' id='word_1_254' title='bbox 797 4286 902 4357; x_wconf 73' lang='lat' dir='ltr'><strong>posset</strong></span> <span class='ocrx_word' id='word_1_255' title='bbox 918 4275 1025 4358; x_wconf 81' lang='lat' dir='ltr'><strong>lingua</strong></span> <span class='ocrx_word' id='word_1_256' title='bbox 1043 4276 1219 4355; x_wconf 88' lang='lat' dir='ltr'><strong>verbosior,</strong></span> <span class='ocrx_word' id='word_1_257' title='bbox 1232 4278 1287 4342; x_wconf 87' lang='lat' dir='ltr'><strong>sed</strong></span> <span class='ocrx_word' id='word_1_258' title='bbox 1303 4298 1368 4342; x_wconf 86' lang='lat' dir='ltr'><strong>earn</strong></span> 
     </span>
     <span class='ocr_line' id='line_1_36' title="bbox 414 4374 1369 4467; baseline 0.004 -27"><span class='ocrx_word' id='word_1_259' title='bbox 414 4399 502 4441; x_wconf 81' lang='lat' dir='ltr'><strong>inens</strong></span> <span class='ocrx_word' id='word_1_260' title='bbox 517 4391 610 4440; x_wconf 86' lang='lat' dir='ltr'><strong>cauta</strong></span> <span class='ocrx_word' id='word_1_261' title='bbox 628 4374 787 4466; x_wconf 82' lang='lat' dir='ltr'><strong>revolvere</strong></span> <span class='ocrx_word' id='word_1_262' title='bbox 803 4375 907 4454; x_wconf 89' lang='lat' dir='ltr'><strong>nimis,</strong></span> <span class='ocrx_word' id='word_1_263' title='bbox 922 4390 977 4440; x_wconf 90' lang='lat' dir='ltr'><strong>aut</strong></span> <span class='ocrx_word' id='word_1_264' title='bbox 999 4377 1162 4443; x_wconf 81' lang='lat' dir='ltr'><strong>continere</strong></span> <span class='ocrx_word' id='word_1_265' title='bbox 1177 4402 1241 4444; x_wconf 94' lang='lat' dir='ltr'><strong>non</strong></span> <span class='ocrx_word' id='word_1_266' title='bbox 1258 4392 1369 4467; x_wconf 86' lang='lat' dir='ltr'><strong>potest.</strong></span> 
     </span>
    </p>
   </div>
   <div class='ocr_carea' id='block_1_3' title="bbox 0 0 1780 5467">
    <p class='ocr_par' dir='ltr' id='par_1_3' title="bbox 0 0 1780 5467">
     <span class='ocr_line' id='line_1_37' title="bbox 0 0 1780 5467; baseline 0 0"><span class='ocrx_word' id='word_1_267' title='bbox 0 0 1780 5467; x_wconf 95' lang='lat' dir='ltr'><strong> </strong></span> 
     </span>
    </p>
   </div>
  </div>
 </body>
</html>
