3550 5467
537 745 597 804 186
783 753 920 801 sossius
935 751 1217 798 sanssusnmusrs
1332 736 1416 816 [sm.
1433 757 1487 802 vu.

538 911 628 994 quasi
643 910 758 971 mentis
772 906 855 990 pede
870 908 1043 970 calcantur.
1082 904 1147 968 Sed
1166 907 1239 988 quis
1256 915 1319 983 est,
1333 907 1391 989 qui
1409 907 1488 971 hanc

537 1010 668 1073 arduam
695 1009 778 1070 viam
804 1009 854 1070 vel
881 1008 996 1069 intrare
1021 1003 1195 1088 disponat?
1230 1007 1393 1088 Angelum
1415 1004 1491 1072 loru

538 1112 610 1194 quis
631 1108 825 1192 aggreditur,
845 1120 901 1170 aut
923 1108 1007 1190 quis,
1027 1106 1055 1168 si
1077 1105 1272 1188 aggreditur,
1290 1108 1490 1190 perseveratl

538 1212 609 1274 Neo
625 1223 733 1274 tamen
748 1210 818 1272 sine
835 1207 1018 1271 discrimine
1037 1206 1242 1285 colluctandi,
1256 1205 1385 1270 videtur
1399 1209 1493 1273 lacios

539 1310 688 1381 veritatis,
704 1322 736 1373 et
754 1310 817 1373 nisi
838 1308 990 1392 pauperis
1011 1306 1102 1370 exilii
1121 1306 1302 1371 amaritudo
1323 1308 1491 1389 precedat,

540 1413 693 1477 Rachelis
713 1420 747 1474 et
767 1411 836 1473 Lioe
854 1408 1038 1493 conjugatio
1060 1428 1125 1470 non
1148 1407 1318 1486 dulcescit,
1339 1431 1403 1473 nee
1424 1431 1492 1474 sne·

539 1511 656 1576 erescit
674 1512 804 1574 soboles
823 1529 1002 1584 numerosa,
1015 1506 1079 1570 nisi
1098 1507 1131 1569 in
1148 1508 1273 1571 virtutis
1294 1510 1414 1574 baculo
1427 1506 1492 1574 Jor-

540 1613 656 1677 danem
684 1612 859 1676 labentium
885 1608 1024 1673 solitudo
1054 1609 1224 1687 transierit,
1250 1619 1283 1672 et
1308 1611 1341 1673 in
1373 1611 1494 1676 duabus

541 1713 654 1777 turmis
664 1712 875 1795 spiritualium
886 1722 918 1773 et
926 1709 1139 1792 corporalium
1149 1709 1308 1774 bonorum
1319 1711 1494 1796 inputrinm

542 1813 633 1876 dives
658 1811 841 1894 regreditur,
862 1809 920 1892 qui
945 1809 1040 1871 etiam
1065 1809 1149 1871 inter
1174 1822 1331 1890 cognatos
1352 1814 1442 1889 exul,
1462 1813 1493 1875 in

541 1936 630 1998 purae
645 1911 922 1994 contemplationis
937 1920 969 1972 et
979 1919 1074 1974 recte
1088 1911 1286 1993 operationis
1300 1913 1413 1977 labore
1427 1913 1493 1976 diu·

542 2016 605 2077 tius
619 2013 754 2077 sudarit.
784 2012 847 2084 Qui
863 2033 938 2075 vero
959 2012 1023 2075 alia
1037 2011 1087 2074 via
1104 2012 1325 2096 philosophari
1342 2015 1493 2092 nituntur,

542 2126 657 2190 errant,
682 2126 714 2177 et
741 2125 872 2195 urgente
903 2114 985 2176 fame
1015 2113 1227 2196 primogenita
1256 2113 1444 2194 distrahent,
1467 2116 1492 2179 si

542 2225 648 2276 tumen
663 2212 841 2274 invenerint
858 2232 1056 2290 germanum,
1071 2212 1126 2293 qui
1142 2212 1191 2274 vel
1209 2212 1399 2277 lenticulam
1413 2214 1493 2298 sapi·

542 2313 648 2385 entiae,
670 2313 770 2395 precii
790 2312 921 2374 nomine
942 2312 1101 2393 largiatur.
1140 2312 1202 2376 Est
1222 2314 1321 2388 enim,
1344 2325 1383 2378 ut
1401 2316 1495 2378 fertur

543 2410 665 2474 dixisse
688 2411 880 2493 Aristippus,
900 2410 1064 2492 indulgere
1087 2411 1218 2484 vitiis,a
1240 2414 1372 2494 legendi
1390 2413 1494 2479 studio

544 2524 726 2596 temperare.

675 2768 756 2849 Cap.
775 2770 824 2828 14.
847 2764 900 2826 De
912 2763 1043 2844 septim
1059 2765 1147 2827 clune
1161 2765 1367 2830 discentium.

590 2903 629 2964 lu
644 2901 727 2963 libro
738 2898 928 2971 Quintiliani
939 2896 980 2959 de
994 2897 1193 2961 institutione
1204 2901 1352 2977 oratoris,
1363 2902 1495 2986 septima

546 3001 735 3065 discentium
752 3000 847 3063 clavis
861 2998 1000 3083 ponitur,
1014 3018 1103 3060 amor
1122 2997 1319 3078 docentium,
1333 3023 1400 3085 quo
1419 3023 1495 3085 pro·

547 3111 692 3184 ceptores
713 3110 750 3162 ut
768 3109 916 3181 parentes
934 3095 1061 3159 amandi
1084 3106 1208 3159 suntet
1229 3099 1371 3162 colendi.
1408 3101 1496 3165 Sicut

547 3202 633 3264 enim
650 3201 696 3263 illi
719 3220 899 3283 corporum,
912 3199 958 3262 ita
979 3209 1012 3260 et
1028 3197 1080 3260 isti
1099 3197 1228 3282 quidem
1247 3210 1323 3263 sunt
1340 3202 1496 3284 genitores

547 3303 734 3374 animorum,
753 3320 818 3362 uon
839 3298 965 3381 quidem
987 3298 1027 3361 de
1047 3319 1081 3362 se
1104 3299 1271 3383 sapientias
1288 3302 1495 3386 propagando

547 3400 767 3474 substantiam,
776 3395 834 3460 sed
846 3399 939 3482 quasi
951 3399 1140 3482 sapientiam
1152 3399 1185 3462 in
1198 3399 1380 3467 auditorum
1389 3404 1498 3468 menti·

549 3506 608 3564 bus
622 3498 768 3581 gignunt,
779 3499 813 3560 in
829 3499 943 3562 melius
958 3498 1159 3563 reformando
1174 3512 1331 3567 naturam.
1369 3505 1416 3569 Et
1429 3507 1495 3569 hec

549 3598 677 3682 quidem
688 3599 918 3682 pietas,studio
928 3601 1098 3684 plurimum
1106 3605 1238 3666 confert.
1266 3599 1498 3670 Nametliben·

548 3711 595 3764 ter
610 3698 754 3777 audiunt,
767 3719 850 3784 quos
865 3712 983 3777 amant,
996 3713 1030 3764 et
1045 3702 1141 3766 dictis
1156 3704 1303 3781 credunt,
1319 3718 1352 3770 et
1370 3708 1418 3772 eis
1432 3728 1497 3772 esse

547 3801 667 3863 similes
683 3802 931 3885 concupiscunt,
945 3814 978 3865 et
999 3803 1054 3885 pio
1069 3803 1204 3868 faciente
1220 3807 1346 3886 affectu
1361 3809 1395 3871 in
1410 3810 1496 3892 ipsos

547 3911 651 3965 cretus
662 3902 855 3966 scholarium
865 3904 933 3966 laeti
944 3905 1129 3987 alucresque
1141 3907 1345 3973 conveniunt„
1379 3911 1494 3974 Emen-

549 4002 614 4066 dati
629 4024 694 4066 non
708 4004 896 4076 irascuntur,
909 4002 1030 4067 laudnti
1044 4022 1109 4066 nou
1125 4005 1329 4086 erubescunt,
1339 4021 1375 4072 nt
1389 4009 1453 4073 sint
1465 4021 1496 4072 et

548 4104 609 4188 ipsi
626 4104 781 4168 canssimi
796 4103 902 4167 studio
918 4105 1134 4167 merebuntur.
1181 4108 1266 4170 Nam
1280 4119 1317 4172 ut
1332 4109 1493 4175 doctomm

548 4205 687 4269 officium
703 4216 752 4268 est
766 4204 892 4281 dooere,
905 4204 952 4267 sic
968 4203 1149 4269 auditorum
1164 4227 1198 4270 se
1213 4210 1356 4290 prebere
1368 4211 1493 4276 dociles

549 4308 700 4389 Alioquin
726 4318 871 4369 nentrum
903 4305 973 4369 sius
1002 4306 1100 4370 altero
1130 4308 1255 4372 sufficit
1302 4313 1389 4377 Nam
1419 4315 1496 4377 sicut
