3550 5467
403 734 591 813 asama]
764 748 1017 795 roarcamrcus.
1306 737 1366 797 les

405 902 659 968 sollicitudinem
682 901 818 966 crastini.
866 898 896 962 E
918 910 1029 964 contra
1055 921 1160 964 mures
1184 913 1218 966 et
1239 903 1366 986 reptilia

405 1012 586 1085 congerunt
599 1004 633 1066 in
654 1002 805 1066 futurum.
851 1001 897 1066 Et
916 1002 1137 1084 generationes
1157 1003 1367 1085 perhibentur

405 1125 488 1182 csse,
514 1105 634 1189 quibus
661 1114 747 1168 terra
772 1103 880 1166 estin
911 1103 1030 1181 cibum,
1058 1111 1091 1167 ct
1120 1102 1242 1167 eaedom
1267 1123 1364 1188 parce

405 1205 528 1281 visunt,
542 1205 689 1267 timentes
704 1224 745 1265 ne
763 1202 892 1286 quando
906 1202 954 1266 eis
969 1213 1051 1266 terra
1066 1202 1206 1281 deficiat,
1219 1204 1253 1266 in
1269 1224 1364 1287 quam

406 1318 516 1371 tamen
536 1307 615 1390 ipsas
638 1303 850 1388 proculdubio
871 1306 1077 1368 resolventur.
1122 1304 1246 1368 Sentiat
1266 1326 1365 1369 unus·

405 1409 542 1492 quisque
559 1407 646 1490 quod
662 1407 740 1483 vult,
755 1425 815 1486 ego
830 1426 959 1468 avarum
979 1425 1076 1487 posse
1100 1404 1167 1468 fieri
1183 1417 1363 1489 compotem

407 1509 473 1572 voti
489 1530 556 1572 non
571 1506 680 1583 credo,
696 1506 759 1569 nisi
781 1506 862 1569 sorte
883 1518 917 1570 ct
936 1504 1099 1589 Epicurus
1119 1506 1313 1586 famelicum,
1332 1519 1365 1571 et

407 1610 460 1674 siti
482 1609 620 1683 aridum,
643 1616 677 1670 et
698 1608 914 1688 languentem,
932 1607 1036 1688 plenae
1059 1606 1232 1689 voluptatis
1248 1607 1365 1691 jocun-

409 1710 511 1774 ditate
532 1709 594 1772 frui
616 1708 805 1772 consentiat.
850 1704 1018 1790 Siquidem
1041 1714 1175 1791 uterque
1199 1707 1366 1772 famelicas

408 1822 473 1889 est;
504 1811 563 1874 sed
587 1811 801 1895 perniciosius
828 1808 927 1872 esurit
949 1826 1071 1887 arants,
1093 1809 1148 1891 qui
1170 1829 1296 1893 semper
1316 1811 1364 1873 in-

408 1916 510 1997 diget,
524 1926 557 1978 et
577 1914 684 1977 satiari
702 1933 767 1976 non
789 1922 907 1995 potest.
954 1906 1061 1990 Major
1081 1910 1168 1973 enim
1190 1922 1240 1974 est
1259 1913 1364 1977 hiatus

408 2016 535 2089 mentis,
546 2035 642 2098 quam
654 2014 811 2097 corporis:
828 2025 861 2076 et
871 2011 933 2075 nisi
944 2010 1085 2094 seipsum
1100 2011 1191 2075 Deus
1205 2010 1364 2091 infundat,

409 2117 542 2180 omnino
557 2116 670 2199 nequit
684 2114 821 2203 impleri.
856 2115 941 2176 Nam
957 2134 1057 2196 quum
1067 2121 1179 2176 natura
1189 2114 1365 2198 spiritualis

408 2218 523 2281 virtute
538 2217 671 2300 propria
685 2217 732 2279 sic
749 2215 928 2298 corporalia
948 2212 1206 2297 comprehendat,
1221 2226 1258 2280 ut
1276 2217 1365 2280 nulla

409 2316 586 2399 quantitate
598 2314 809 2390 distendatur,
819 2335 880 2377 nec
895 2334 946 2377 res
959 2330 1025 2376 una
1038 2314 1113 2376 loco
1127 2325 1365 2398 praeoccupato,

410 2417 542 2481 alterius
556 2405 787 2497 impedimento
803 2415 855 2489 sit,
871 2436 936 2498 quo
957 2416 1062 2477 minus
1079 2415 1137 2478 illa
1155 2414 1365 2498 comprehcn-

410 2516 515 2592 dstur,
535 2527 568 2579 et
590 2536 655 2600 quo
677 2517 770 2598 plura
792 2515 1031 2600 concipiuntur,
1050 2537 1088 2579 eo
1108 2517 1252 2600 pluribus
1273 2517 1365 2579 locus

410 2626 468 2691 est,
483 2604 558 2680 luce
573 2615 689 2678 clarius
704 2623 762 2694 est,
777 2615 864 2700 quod
879 2636 930 2679 res
940 2616 1114 2698 corporalis
1130 2616 1279 2691 animam,
1290 2635 1363 2698 quse

410 2713 542 2798 spiritus
556 2722 616 2790 est,
626 2712 758 2795 implere
773 2732 836 2774 non
849 2721 965 2795 potest.
1003 2712 1106 2774 Totus
1120 2711 1207 2775 enim
1221 2711 1363 2775 muudus

411 2827 568 2897 angustus
583 2823 632 2877 cst
651 2812 693 2876 ad
712 2814 827 2877 animae
847 2814 1064 2896 quantitatem
1109 2813 1244 2895 Exque
1265 2821 1364 2894 patet,

411 2916 497 3000 quod
512 2916 546 2979 in
562 2935 601 2979 eo
616 2924 684 2978 toto
699 2914 806 2978 anima
825 2936 889 2977 non
909 2912 1058 2996 quiescit,
1072 2912 1135 2974 nisi
1156 2912 1234 2975 sorte
1254 2913 1287 2974 iu
1309 2932 1365 2975 an·

412 3024 508 3097 gusto
537 3015 682 3078 clausum
722 3014 892 3095 ergastulo,
922 3013 1025 3097 spinis
1060 3012 1239 3095 suppositis
1274 3013 1366 3075 incu-

412 3117 556 3193 bantem,
570 3114 734 3197 Epicurus
750 3114 914 3197 quiescere
929 3114 1069 3177 molliter
1083 3113 1240 3197 opinatur.

413 3301 493 3383 Cap.
512 3305 561 3364 17.
578 3300 641 3363 -Dc
660 3298 843 3374 ambitione,
858 3303 888 3361 ct
907 3296 990 3379 quod
1007 3298 1168 3379 cupiditas
1189 3296 1364 3362 stultittbm

456 3403 649 3464 comitatur:
662 3402 774 3480 etquis
784 3401 825 3459 sit
833 3407 925 3463 crtus
936 3401 1136 3480 maenidia:
1148 3404 1180 3462 et
1190 3397 1368 3464 desim

454 3502 541 3564 vitiis
554 3500 801 3562 ambitiosorum.

455 3619 657 3682 Dacnrusaa
685 3617 831 3679 nituntur
860 3616 972 3700 aliqui,
1000 3618 1060 3681 etsi
1095 3639 1162 3680 uon
1197 3621 1367 3698 maculam,

415 3717 565 3783 odibilem
580 3730 688 3782 tamen
711 3717 850 3781 avaritiae
872 3727 994 3781 notam.
1040 3720 1124 3781 Nam
1145 3729 1178 3782 et
1196 3722 1237 3784 ab
1255 3722 1368 3784 alienis

416 3818 564 3882 sidentur
577 3817 752 3893 abstinere,
767 3829 800 3880 et
815 3817 893 3895 suia,
909 3839 1006 3899 quum
1028 3839 1079 3881 res
1094 3820 1251 3902 exposcit,
1267 3822 1366 3885 libere

414 3919 458 3982 uti
474 3918 578 4002 parati
596 3926 681 3980 sunt.
727 3918 786 3980 Eis
805 3928 911 3981 tamen
927 3917 968 3980 de
987 3917 1074 3982 fonte
1096 3921 1251 3983 malorum
1271 3923 1368 3984 oritur

415 4018 551 4103 olicujus
566 4017 635 4080 vitii
650 4039 743 4093 vena,
760 4040 832 4100 quae
848 4017 979 4081 semitas
993 4039 1101 4082 eorum
1116 4040 1136 4081 a
1150 4021 1272 4083 tramite
1288 4042 1368 4083 veroe

414 4118 576 4183 felicitatis
591 4117 756 4182 deflectat.
802 4120 893 4183 Sicut
911 4120 1046 4182 enimin
1067 4121 1159 4184 horto
1175 4120 1369 4196 deliciarum,

414 4218 452 4285 da
470 4243 537 4285 uno
560 4221 650 4284 sonte
671 4221 813 4283 oriuntur
834 4221 977 4297 flumina,
1000 4243 1071 4305 quae
1091 4220 1277 4284 saecundant
1298 4238 1369 4280 sua-

413 4321 531 4387 vissimi
547 4320 658 4387 odoris
671 4341 793 4403 agrum,
807 4322 858 4385 cui
873 4320 1034 4384 Dominus
1055 4320 1239 4384 benedixit:
1265 4317 1319 4381 Sic
1334 4319 1367 4380 in
