3550 5467
511 717 551 775 78
769 727 905 774 Joruurs
922 729 1200 774 sanssnsnrnusrs
1324 710 1408 789 [niu.
1427 727 1470 770 vr.

506 895 581 946 sunt
597 884 693 961 dicta,
707 894 921 965 retorqueant.
967 883 1014 943 Ut
1028 880 1200 958 mendacii,
1212 893 1266 943 aut
1282 882 1469 945 temeritatis

503 1005 563 1048 nos
586 1005 656 1047 reos
681 984 811 1060 saciant,
833 983 1032 1046 mentiuntur
1058 1003 1117 1044 nos
1143 983 1245 1064 legem
1271 983 1467 1064 imposuisse

503 1085 713 1170 principibus,
729 1095 761 1148 ct
776 1085 859 1147 colla
874 1104 984 1148 eorum
995 1083 1075 1166 jugo
1091 1083 1286 1166 importabili
1303 1104 1467 1147 onerasse.

502 1187 629 1250 Veritas
644 1185 803 1271 siquidem
825 1185 958 1248 inimica
978 1195 1028 1248 est
1047 1184 1121 1261 illis,
1137 1195 1168 1247 et
1183 1184 1370 1247 inimicitias
1385 1182 1464 1245 divi-

503 1296 570 1350 tum
582 1298 756 1370 procurant
765 1285 961 1349 amatoribus
973 1285 1125 1361 veritatiS,
1135 1305 1267 1366 quorum
1281 1292 1317 1344 ut
1329 1282 1464 1364 gratiam

501 1400 749 1473 consequantur,
772 1389 853 1451 nihil
874 1388 908 1450 in
932 1390 1029 1451 verbo
1053 1400 1108 1450 aut
1133 1406 1228 1469 opere
1251 1387 1458 1447 erubescunt.

505 1489 555 1552 Ad
578 1491 705 1573 singula
726 1493 843 1554 clamat
857 1489 1001 1565 Gnatho,
1016 1510 1072 1552 seu
1094 1489 1192 1562 bona,
1208 1508 1263 1549 seu
1286 1486 1371 1548 mala
1392 1485 1465 1562 sint,

502 1592 648 1674 pulchre,
662 1592 756 1669 bene,
770 1604 866 1655 recte.

644 1714 770 1768 Pallesoit
781 1731 857 1785 super
868 1713 920 1777 his,
933 1714 1013 1764 etiam
1025 1712 1136 1764 stillabit
1148 1713 1236 1764 amicis

644 1801 688 1853 Ex
699 1799 779 1853 oeulis
788 1816 881 1862 rorem,
894 1797 980 1861 saliet,
993 1798 1086 1851 tundet
1098 1799 1165 1869 pede
1177 1805 1281 1850 terram.

642 1886 682 1937 Ut
695 1887 738 1953 qui
750 1884 872 1937 condocti
885 1882 987 1955 plorant
999 1885 1025 1934 in
1038 1883 1138 1946 funere,
1151 1885 1250 1946 dicunt,

642 1970 678 2020 Et
688 1969 788 2021 faciunt
799 1986 879 2039 propa
891 1967 964 2037 plora
977 1967 1124 2021 dolentibus
1136 1984 1170 2020 ex
1182 1969 1279 2031 animo,
1292 1969 1330 2018 sic

643 2053 748 2106 Derisor
760 2070 821 2107 vero
833 2052 893 2124 plus
904 2053 1039 2106 laudatore
1051 2058 1176 2105 moretur.

499 2169 545 2231 Et
567 2166 679 2229 nescio
705 2164 867 2248 quomodo
893 2187 1006 2229 omnes
1028 2166 1116 2248 ipsos
1137 2165 1234 2227 etiam
1260 2167 1382 2246 probos
1404 2188 1458 2230 ex·

497 2276 653 2351 pugnant,
668 2282 701 2330 et
722 2267 777 2349 qui
797 2266 999 2329 adulatorum
1019 2265 1194 2348 nequitiam
1215 2263 1458 2344 detestantur,a

498 2369 618 2452 quibus
640 2368 700 2431 etsi
722 2389 788 2430 non
812 2369 944 2431 sitlans
965 2366 1108 2450 quaesita,
1123 2366 1335 2429 nihilomiuus
1350 2370 1459 2432 oblata

497 2465 647 2533 delectat.
693 2469 780 2545 Istis,
816 2468 892 2531 dum
931 2467 1053 2530 veritati
1090 2467 1215 2543 insisto,
1250 2488 1455 2553 nequaquam

496 2571 624 2653 placere
648 2591 792 2653 possum,
815 2569 873 2634 sed
899 2590 961 2633 nec
984 2570 1026 2631 ob
1050 2589 1161 2632 eorum
1183 2570 1315 2650 gratiam
1340 2570 1457 2652 dignor

496 2691 563 2734 non
578 2670 781 2753 acquiescere
796 2669 930 2732 veritati.
975 2669 1048 2731 Non
1075 2681 1124 2731 est
1145 2678 1251 2732 tamen
1268 2669 1355 2752 quod
1377 2672 1454 2734 mibi

494 2771 621 2855 possint
648 2792 821 2855 opponere,
843 2771 905 2833 nisi
928 2768 1015 2854 quod
1037 2770 1114 2833 mihi
1140 2780 1173 2833 et
1196 2772 1264 2834 illis
1285 2793 1351 2834 non
1374 2795 1454 2836 con-

495 2872 592 2948 venit,
618 2881 651 2936 et
674 2872 761 2955 quod
787 2871 945 2934 interdum
971 2870 1067 2935 alicui
1096 2873 1283 2950 amicorum,
1310 2872 1385 2935 dum
1420 2874 1451 2935 in

496 2974 644 3038 manibus
659 2995 769 3038 eorum
783 2974 912 3049 labitur,
927 2974 961 3035 in
978 2994 1054 3036 aure
1069 2995 1216 3055 suggero,

636 3097 680 3151 Ne
691 3103 719 3149 te
731 3096 861 3168 decipiant
872 3098 952 3149 animi
965 3097 1013 3150 sub
1027 3096 1104 3168 vulpe
1115 3096 1238 3150 latentes.

499 3221 543 3284 Hi
569 3219 700 3304 quidem
723 3219 931 3301 imperatores
955 3230 1030 3282 sunt
1053 3219 1218 3283 curialium
1249 3230 1451 3300 nugatorum,

495 3341 629 3407 quorum
653 3318 680 3380 si
703 3339 801 3379 unum
824 3317 1007 3397 offenderis,
1022 3322 1169 3383 omnibus
1192 3321 1262 3384 aliis
1285 3342 1358 3384 reus
1379 3323 1450 3385 eris.

494 3417 772 3482 Gnathonicorum
787 3436 863 3496 ergo
885 3416 1022 3480 consilio
1044 3435 1259 3484 convenerunt
1280 3423 1451 3499 ambitiosi,

493 3515 606 3591 invidi,
632 3515 857 3597 superstitiosi,
885 3528 918 3579 et
947 3518 1079 3598 similes,
1102 3521 1246 3585 dicentes
1276 3523 1336 3585 sibi
1365 3523 1451 3585 bella

494 3617 610 3703 parari,
634 3626 666 3678 et
691 3637 742 3678 me
769 3615 802 3678 in
829 3639 884 3680 eos
909 3621 990 3684 velle
1018 3620 1065 3698 (ut
1089 3622 1154 3685 dici
1180 3624 1275 3704 solet)
1301 3622 1450 3686 caninam

494 3715 679 3783 facundiam
703 3737 865 3796 exercere,
880 3741 980 3803 quum
1004 3733 1110 3784 tamen
1131 3722 1164 3785 id
1187 3723 1316 3785 minime
1331 3744 1449 3806 propo·

495 3819 623 3893 suerim,
639 3818 701 3881 nisi
717 3829 771 3881 aut
790 3840 900 3883 eorum
915 3821 1039 3905 injuriis
1054 3834 1176 3903 urgeat,
1190 3835 1245 3887 aut
1259 3825 1448 3889 auctoritate

493 3919 665 4004 superioris
687 3920 795 3995 amici,
819 3921 860 3984 ad
882 3921 946 3985 boc
970 3923 1090 3997 stilum,
1110 3925 1183 3987 licet
1204 3925 1365 3998 hebetem,
1388 3926 1446 3988 im·

492 4019 649 4108 pellentis.
695 4023 757 4084 Est
773 4022 903 4104 quidem
923 4024 1012 4105 quod
1036 4025 1136 4105 magis
1159 4028 1289 4088 affectat
1311 4028 1447 4106 animus,

492 4137 529 4188 nt
543 4122 716 4186 curialibus
726 4121 845 4185 cedens
857 4124 961 4203 nugis,
973 4123 1036 4185 illis
1048 4124 1165 4205 quibus
1179 4126 1319 4208 placent,
1329 4126 1446 4189 facium

491 4228 606 4289 locum.
654 4224 748 4300 Nam,
764 4233 800 4285 ut
820 4221 860 4285 de
881 4224 953 4285 aliis
976 4234 1112 4301 taceam,
1126 4247 1190 4287 non
1212 4247 1341 4308 possum
1366 4229 1445 4290 serre

491 4325 633 4398 Quirites
649 4324 848 4398 Gnathones,
861 4324 919 4404 qui
942 4323 1004 4385 sibi
1019 4325 1062 4386 nil
1080 4336 1185 4388 actum
1208 4325 1351 4404 credunt,
1369 4327 1444 4391 dum
