3550 5467
330 727 510 808 canaria]
709 745 962 791 rosrcmrrcus.
1244 735 1281 793 41

330 898 412 961 tibus
427 897 548 972 Medis,
564 897 651 961 acies
665 896 831 960 Persarum
855 899 984 981 pulsata
997 900 1031 961 in
1046 899 1154 982 fugam
1169 922 1278 983 agere·

327 1012 384 1075 tur,
413 1011 446 1063 et
476 1000 610 1063 omnino
640 997 805 1074 deficiens,
833 1020 895 1063 nec
932 1001 1084 1063 victorem
1120 1005 1277 1088 respicere

326 1101 468 1178 auderet,
499 1112 616 1163 matres
645 1110 677 1162 et
711 1120 827 1162 uxores
856 1121 965 1163 eorum
1000 1103 1119 1184 passim
1149 1105 1278 1169 obviam

324 1203 523 1284 fugientibus
545 1212 688 1279 currunt,
702 1213 745 1265 et
756 1202 923 1264 mulierum
944 1202 1077 1267 densata
1098 1206 1167 1268 acie
1188 1217 1280 1271 orant

324 1307 356 1368 in
380 1307 527 1390 praelium
549 1314 754 1367 revertantur.
800 1300 1007 1382 Nolentibus,
1029 1307 1157 1371 sublata
1181 1319 1280 1389 veste,

324 1409 481 1472 obscoena
494 1406 637 1489 corporis
651 1405 834 1480 ostendunt,
849 1406 999 1487 rogantes
1021 1428 1097 1470 num
1113 1409 1147 1471 in
1167 1421 1276 1475 uteros

324 1521 459 1572 matrum
483 1509 533 1571 vel
555 1527 695 1570 uxorum
722 1506 822 1569 velint
844 1506 998 1589 refugere.
1046 1510 1119 1573 Hac
1143 1512 1279 1594 repressi

323 1610 530 1691 castigatione
545 1609 579 1671 in
595 1607 740 1692 praelium
756 1606 901 1684 redeunt,
917 1621 948 1671 et
958 1608 1044 1672 sacta
1058 1611 1278 1695 impressione,

323 1732 405 1794 quos
433 1711 611 1793 fugiebant,
641 1710 750 1789 fugere
778 1710 1013 1790 compulerunt.
1067 1711 1199 1774 Utinam
1231 1715 1278 1778 sic

322 1815 439 1876 faciant
452 1833 571 1876 uxores
586 1820 617 1874 et
633 1818 748 1873 matres
762 1820 942 1873 nostrornm
957 1811 1187 1889 Marchiorum,
1200 1814 1276 1878 dum

322 1934 514 1997 quacunque
537 1913 707 1975 occasione
730 1911 868 1993 patriam
883 1925 1012 1975 servent
1026 1913 1231 1992 incolumem,
1245 1927 1278 1980 et

320 2017 425 2079 labem
441 2013 574 2098 pudoris
588 2024 766 2077 amoveant.

321 2267 400 2352 Cap.
410 2271 468 2331 17.
491 2265 593 2331 Nobis
606 2288 629 2328 a
643 2265 844 2329 nostratibus
858 2289 924 2330 esse
938 2271 1087 2350 exemplu
1101 2270 1273 2347 uirtutum,

360 2378 391 2432 et
421 2391 503 2454 quaa
527 2370 676 2431 civitates
704 2370 740 2430 in
767 2368 873 2431 Italia
899 2370 1082 2434 condiderit
1107 2369 1272 2448 Brennus,

359 2473 536 2535 secundum
552 2473 709 2551 antiquas
723 2472 884 2533 historias.

359 2623 488 2686 Vauuu
503 2621 589 2706 quod
609 2643 629 2684 a
642 2621 758 2684 nostris
781 2643 868 2684 nunc
884 2624 1066 2706 quaerimus,
1076 2623 1268 2706 jampridem

316 2723 478 2809 preteriit,
494 2737 527 2787 et
548 2743 705 2804 eousque
721 2722 877 2806 majorum
892 2735 1072 2786 nostrorum
1088 2725 1186 2787 virtus
1201 2746 1266 2787 ma·

314 2826 403 2888 navit
416 2825 458 2889 ad
473 2825 564 2902 alios,
579 2835 615 2886 ut
630 2823 798 2906 plenitudo
814 2823 922 2887 divitis
937 2846 1027 2887 venre
1043 2845 1062 2887 a
1076 2825 1165 2888 sonte
1179 2826 1266 2890 ride·

313 2939 382 2990 atur
396 2927 429 2989 in
445 2927 563 2989 rivulos
578 2925 744 2989 defecisse.
790 2927 906 3009 Neque
922 2927 1006 2989 enim
1022 2949 1041 2990 a
1055 2928 1223 3007 Romanis,
1235 2939 1268 2992 et

314 3029 437 3092 Graecis
459 3038 582 3090 tantum
605 3027 696 3090 nobis
718 3037 792 3089 sunt
814 3029 967 3110 exempla
989 3029 1123 3105 virtutis,
1138 3051 1211 3093 nam
1233 3042 1266 3094 et

314 3129 498 3194 domesticis
518 3127 729 3192 abundamus.
775 3126 922 3190 Tradunt
940 3129 1080 3192 historiar
1101 3132 1264 3193 Brennum

312 3229 427 3295 ducem
440 3232 616 3307 Senonum,
626 3231 681 3313 qni
694 3229 871 3293 exercitum
881 3231 1099 3293 Romanorum
1109 3229 1195 3313 apud
1204 3232 1261 3294 flu-

311 3355 387 3396 men
399 3333 515 3396 Alliam
526 3332 678 3408 confecit,
687 3332 856 3415 ipsamque
868 3333 981 3394 urbem
991 3333 1130 3396 Romam
1139 3333 1262 3416 irrupit,

311 3434 483 3517 etcepitet
493 3435 585 3497 caesis
595 3434 789 3515 patribus,et
799 3434 932 3497 subacta
940 3434 1037 3497 Italia
1045 3434 1162 3497 invasit
1172 3434 1262 3498 Grae·

311 3535 405 3613 ciam,
421 3546 546 3598 vastans
561 3534 680 3611 omnia,
695 3534 914 3616 universisque
930 3536 1088 3612 terribilis,
1103 3557 1204 3620 usque
1220 3535 1262 3601 ad

312 3636 465 3721 Delphici
480 3637 640 3719 Apollinis
655 3637 820 3720 templum,
831 3635 918 3718 quod
929 3638 1026 3700 situm
1042 3638 1138 3700 estin
1154 3652 1261 3703 monte

312 3736 481 3816 Parnasso,
509 3736 677 3822 processit,
712 3738 877 3821 ipsiusque
908 3739 1072 3821 Apollinis
1106 3752 1262 3822 appetens

309 3841 423 3923 spolia,
445 3840 615 3904 scurriliter
630 3839 759 3922 jocatus
781 3837 845 3902 ait:
873 3840 1066 3922 locupletes
1089 3840 1178 3903 Deos
1200 3843 1261 3905 lar·

309 3941 368 4024 giri
396 3940 582 4006 hominibus
620 3950 785 4022 oportere;
829 3939 927 4018 huuc,
956 3941 1099 4023 inquam,
1131 3942 1262 4006 tradunt

307 4042 348 4106 de
370 4043 483 4124 majori
505 4043 682 4120 Britannia,
705 4063 777 4126 quae
800 4043 841 4105 ab
871 4041 1009 4106 adventu
1034 4042 1200 4107 Saxonum
1226 4045 1261 4107 in

306 4144 456 4223 insulam,
471 4146 651 4227 appellatur
661 4145 787 4226 Anglia,
802 4144 983 4207 oriundum.
1009 4142 1103 4227 Apud
1119 4145 1259 4224 Trogum

307 4246 497 4329 Pompeium
512 4247 546 4309 in
563 4245 712 4308 vicesimo
728 4246 894 4329 reperitur,
905 4245 993 4328 quod
1005 4245 1150 4307 Senones
1162 4242 1260 4317 Galli,

307 4349 544 4412 commilitones
575 4348 706 4423 Brenni,
736 4369 832 4429 quum
869 4348 902 4408 in
933 4346 1058 4409 ltaliarn
1089 4342 1258 4404 venissent.
