3550 5467
406 755 472 813 278
652 768 789 814 massis
807 764 1097 812 saaesasarassrs
1207 750 1289 826 [ara.
1303 766 1365 813 rru

411 925 535 997 terium,
550 925 625 1005 plus
648 920 869 984 mediusfidius
891 921 926 982 in
940 942 982 983 eo
1003 920 1086 983 ludo
1102 919 1171 982 ridi
1193 922 1301 1003 pueris
1314 924 1366 985 rir-

408 1025 599 1106 ginibusque
626 1023 781 1086 ducentis.
826 1023 865 1085 In
892 1022 955 1096 his,
982 1019 1076 1106 quod
1103 1042 1159 1085 rna
1189 1021 1366 1105 reipublice

409 1123 548 1185 maxime
576 1124 739 1186 misertum
770 1134 829 1198 est,
855 1121 921 1184 vidi
949 1143 1053 1185 unum
1085 1122 1194 1185 filium
1220 1124 1366 1205 petitoria,

407 1244 539 1304 puemm
556 1224 723 1299 bullatum,
734 1243 801 1285 non
815 1223 971 1284 minorem
985 1222 1083 1285 annia
1098 1221 1365 1298 duodecimum

408 1326 537 1387 crotalis
566 1326 690 1387 saltare.
738 1325 861 1387 Croton
891 1325 1008 1388 Graece
1040 1325 1159 1407 pulsus
1188 1324 1315 1402 dicitur,
1336 1338 1365 1390 et

409 1426 484 1489 iude
500 1427 648 1507 cymbala
659 1427 705 1488 sic
721 1426 888 1501 dicuutur3
913 1425 962 1487 rel
976 1426 1141 1489 musicum
1155 1439 1248 1489 notat
1259 1427 1364 1491 innan·

409 1540 562 1605 mentum,
578 1528 665 1612 quod
681 1529 713 1590 in
731 1548 810 1590 sono
826 1547 937 1589 rocem
960 1527 1097 1589 ciconioe
1114 1527 1276 1590 imitatur:
1298 1550 1365 1592 nam

410 1631 480 1713 ipsa
509 1630 595 1713 apud
625 1630 794 1712 AEgyptios
822 1629 963 1691 crotalus
992 1627 1191 1710 appellatur.
1246 1629 1367 1694 crotala

410 1752 539 1815 quoquo
564 1732 713 1794 dicuntur
734 1750 857 1793 souorae
878 1729 1063 1812 sphaerulae,
1076 1750 1154 1813 quaa
1178 1729 1366 1813 quibusdam

409 1836 515 1915 granis
527 1834 734 1918 interpositis,
742 1850 800 1916 pro
811 1829 989 1916 quantitate
1001 1831 1064 1909 atri,
1073 1844 1107 1893 et
1117 1832 1232 1914 specie
1243 1834 1366 1912 metalli,

409 1941 511 2000 varios
541 1958 638 2000 sonos
663 1936 772 1999 edunt.
816 1938 920 2009 Quam
948 1935 1156 1998 saltationem
1186 1935 1367 2019 impudicus

408 2042 551 2103 servulus
580 2041 713 2102 honeste
743 2040 857 2102 saltare
895 2058 962 2100 non
992 2048 1114 2121 posset
1171 2037 1269 2102 Patet
1296 2060 1366 2120 crgo

408 2154 529 2225 quanto
560 2146 677 2204 affeetu
703 2142 892 2223 ingemuerit
917 2139 1099 2217 Africanus,
1126 2139 1220 2224 quod
1244 2139 1368 2204 vidisset

408 2262 480 2302 cunr
497 2243 626 2302 crotalis
642 2243 757 2303 saltare
775 2241 877 2303 filium
892 2240 1050 2323 petitoris,
1065 2239 1099 2301 id
1114 2253 1177 2317 est,
1192 2238 1367 2316 candidati,

408 2362 502 2426 quem
532 2362 574 2404 ne
604 2362 678 2404 eum
717 2342 849 2425 quidem
878 2363 955 2423 spes
985 2353 1018 2403 et
1048 2341 1132 2404 ratio
1164 2341 1365 2426 adipiscendi

409 2445 619 2526 magistratus,
631 2464 696 2527 quo
712 2440 855 2526 tempore
870 2465 916 2520 se,
928 2463 1079 2526 suosque,
1090 2445 1133 2506 ab
1149 2445 1241 2507 omni
1256 2446 1367 2526 probro

411 2546 523 2609 debuit
533 2547 706 2623 vindicare,
719 2546 861 2628 potuerit
872 2564 1030 2620 coercere,
1041 2563 1109 2626 quo
1125 2544 1235 2608 miuus
1245 2545 1368 2622 faceret,

412 2648 499 2733 quod
514 2648 641 2710 scilicet
664 2660 757 2729 turpe
779 2667 845 2708 non
867 2643 1055 2708 habebatur.
1102 2647 1189 2709 Nam
1214 2658 1249 2709 et
1268 2648 1310 2709 ab
1329 2666 1366 2710 eo

410 2764 551 2835 ternpore
568 2770 632 2831 qno
648 2749 777 2832 optimis
792 2748 935 2811 moribus
949 2748 982 2810 in
999 2749 1079 2810 urbe
1096 2749 1273 2822 vivebatur,
1285 2749 1365 2812 scili·

410 2869 462 2917 cet
477 2855 559 2915 inter
574 2853 638 2915 duo
652 2854 738 2917 bella
755 2852 887 2928 Punica,
902 2851 1035 2931 ingenui
1052 2847 1111 2913 filii
1128 2850 1320 2915 Senatorum
1333 2852 1363 2913 in

410 2955 520 3018 ludum
543 2955 739 3019 saltatorium
762 2954 997 3030 commeabant,
1012 2965 1045 3014 et
1067 2953 1134 3015 illic
1157 2954 1280 3017 crotala
1300 2974 1364 3036 ges·

409 3071 512 3124 tentes
527 3060 641 3120 saltare
657 3055 836 3119 discebant.
883 3054 976 3116 Adeo
993 3053 1138 3135 quidem,
1154 3068 1190 3118 ut
1204 3057 1248 3118 ab
1267 3054 1366 3118 beroi-

408 3164 455 3226 cis
471 3161 627 3226 conviviis
648 3181 850 3243 nequaquam
872 3167 1033 3220 arceretur
1054 3156 1153 3221 ludus
1174 3157 1364 3221 saltatorius.

411 3268 495 3329 Nam
516 3277 548 3327 et
571 3264 770 3327 Socraticum
786 3259 983 3342 symposium
999 3261 1041 3321 ab
1057 3260 1252 3323 auctoritate
1267 3259 1366 3342 pbilo-

410 3366 596 3447 sophorum,
608 3363 664 3444 qui
680 3361 745 3423 illie
758 3370 985 3435 convenerant,
996 3359 1124 3422 celebre
1141 3372 1203 3434 est,
1216 3371 1250 3422 et
1263 3372 1366 3422 umen

409 3489 475 3530 non
499 3461 600 3528 deluit
627 3465 681 3548 qui
708 3462 768 3524 sub
790 3460 917 3523 illorum
941 3462 1115 3544 supercilio
1138 3472 1265 3545 peteret
1287 3462 1367 3544 psal·

410 3568 501 3628 triam
527 3566 706 3639 intromitti,
730 3577 767 3627 ut
795 3564 915 3647 puella,
937 3582 1033 3645 supra
1059 3575 1207 3627 nentrum
1237 3564 1367 3639 mollior,

409 3687 528 3729 canora
558 3663 740 3739 dulcedine,
770 3679 804 3727 et
835 3664 1012 3727 saltationis
1041 3664 1178 3739 lubrico,
1208 3679 1368 3728 exerceret

409 3767 567 3830 illecebris
592 3766 868 3849 philosophantes.
920 3767 1080 3830 caeterum
1107 3767 1281 3831 histriones
1304 3786 1367 3829 non

408 3872 491 3933 inter
502 3882 610 3951 turpes
620 3867 882 3945 habitos,Cicero
893 3880 1071 3947 auctorest,
1081 3871 1151 3953 qui,
1160 3868 1368 3934 sicutFurina

410 3973 547 4037 Albinus
562 3971 666 4048 refert,
682 3970 803 4033 Roscio
818 3983 851 4032 et
865 3973 988 4054 AEsopo
1003 3970 1204 4034 familiariter
1219 3992 1297 4035 ustas
1311 3982 1367 4044 est,

410 4077 491 4140 adeo
509 4075 652 4160 quidem,
668 4085 702 4136 ut
727 4095 776 4136 res
800 4073 1001 4156 rationesque
1024 4093 1135 4136 mm
1161 4096 1222 4137 sua
1246 4072 1367 4138 solertia

408 4191 558 4242 tueretur.
590 4175 685 4248 Quod
699 4195 797 4256 quum
813 4194 855 4235 ex
867 4175 938 4237 aliis
954 4174 1073 4249 multia,
1085 4186 1153 4238 tum
1168 4197 1211 4239 ex
1224 4173 1366 4258 epistolis

408 4281 476 4364 ejus
492 4279 678 4341 declaratur.
719 4277 803 4337 Nam
820 4276 875 4337 illa
891 4276 992 4338 oratio
1006 4276 1199 4339 celebritate
1214 4278 1265 4340 sni
1279 4278 1366 4340 inno·

407 4383 478 4457 tnit,
490 4383 521 4442 in
536 4402 600 4462 qna
612 4379 764 4464 populum
781 4378 959 4439 Rauranum
973 4375 1131 4459 objurgat,
1143 4378 1235 4461 quod
1248 4377 1366 4443 Roscio
