3550 5467
407 774 476 819 cnr.
493 756 603 834 xxia]
767 771 1022 817 romenarrcns.
1308 762 1364 820 191

406 923 508 988 rabies
525 924 749 1009 perhorrescit,
764 939 794 988 et
812 922 954 1008 impedit.
999 927 1159 988 Caeterttm
1175 925 1369 991 detractores

407 1040 438 1091 et
452 1027 584 1090 invidos
599 1028 643 1090 sic
659 1027 690 1089 in
706 1028 794 1090 curia
811 1026 934 1091 videbis
954 1026 1130 1106 abundare,
1145 1050 1181 1090 ac
1197 1028 1221 1091 si
1238 1029 1269 1090 in
1286 1052 1367 1102 cam,

408 1129 500 1214 quasi
525 1128 627 1192 totius
651 1129 739 1192 orbis
764 1129 931 1201 sentinam,
957 1127 1179 1194 confluxerint.
1221 1131 1291 1194 Non
1318 1145 1368 1196 est

408 1245 513 1294 coetus
538 1231 788 1307 conviventium,
816 1230 874 1295 nisi
906 1231 1161 1316 religiosissimus
1191 1232 1243 1307 sit,
1271 1256 1366 1318 quem

411 1331 520 1395 livoris
547 1333 698 1397 stimulus
727 1356 789 1396 non
817 1333 973 1418 adtingat.
1019 1333 1151 1419 Ubique
1177 1347 1280 1398 tamen
1312 1338 1368 1420 qui

410 1434 644 1498 illustrioribus
665 1433 843 1497 clarescunt
867 1433 998 1513 meritis,
1013 1435 1115 1498 acrius
1135 1435 1265 1498 invidia>
1289 1436 1369 1499 toxi-

411 1548 483 1598 cato
498 1534 594 1598 dente
611 1535 780 1599 roduntur.

519 1651 582 1702 Urit
593 1653 663 1703 enim
674 1651 775 1717 firlgora
787 1669 834 1702 suo
847 1652 892 1718 qui
906 1659 1051 1721 praegravat
1062 1659 1131 1703 artes

519 1736 592 1788 Infra
604 1754 633 1788 se
645 1738 751 1808 positos,
764 1738 896 1788 extinctus
909 1737 1037 1789 amabitur
1049 1738 1127 1789 idem.

414 1839 475 1905 sed
493 1862 560 1926 prae
576 1841 700 1904 caeteris
715 1842 798 1903 servi
814 1838 972 1915 dominos,
983 1838 1138 1925 praelatos
1154 1839 1274 1903 subditi
1291 1839 1369 1904 inse·

414 1955 570 2029 quuntnr.
615 1942 698 2005 Nam
725 1942 806 2004 sicut
834 1962 1010 2016 servorum,
1038 1941 1081 2005 ita
1108 1958 1140 2004 et
1167 1941 1370 2006 subditorum

413 2066 515 2127 genus
541 2041 731 2128 plerumque
761 2042 933 2127 querulnm
965 2056 1023 2117 est,
1049 2056 1080 2105 et
1108 2058 1165 2106 aut
1191 2066 1223 2105 se
1255 2043 1372 2131 injuste

413 2146 526 2232 premi,
541 2158 596 2209 aut
612 2144 742 2228 indigne
759 2144 950 2207 remunerari
968 2144 1086 2220 studia,
1101 2158 1157 2208 aut
1174 2144 1276 2210 officia
1290 2147 1371 2210 male

413 2244 799 2308 administrari-causatur.
824 2245 975 2327 Raroque
987 2245 1139 2321 invenies,
1149 2246 1205 2330 qui
1219 2246 1249 2309 in
1262 2246 1371 2334 aliquo

414 2369 475 2411 non
499 2346 647 2410 detrahat
671 2344 866 2431 praesidenti,
890 2347 948 2409 etsi
972 2346 1130 2410 interdum
1157 2348 1263 2412 omnia
1286 2364 1371 2413 recte

414 2461 579 2530 gerantur.
617 2450 764 2512 Comicos
782 2447 897 2529 relege,
913 2447 1037 2510 revolve
1056 2450 1202 2531 tragicos,
1218 2450 1368 2513 familiam

414 2549 480 2612 fere
501 2571 626 2634 semper
649 2548 869 2634 patrifamilias
892 2547 1014 2611 videbis
1037 2547 1204 2632 ingratam.
1245 2558 1287 2614 At
1309 2575 1370 2615 non

415 2651 512 2714 modo
529 2651 561 2713 in
582 2651 679 2728 curia,
695 2649 748 2713 sed
773 2651 804 2713 in
827 2648 944 2722 schola,
961 2650 1014 2712 sed
1037 2650 1067 2712 in
1091 2649 1240 2725 claustro,
1261 2652 1315 2715 sed
1339 2653 1370 2716 in

416 2752 577 2838 Capitolio
592 2774 709 2815 morem
734 2753 829 2830 hunc,
844 2752 869 2813 si
887 2763 991 2814 tamen
1014 2750 1186 2813 domestica
1202 2751 1280 2814 vitia
1298 2767 1372 2816 sunt

417 2854 559 2918 moribus
574 2853 789 2937 aggreganda,
805 2851 969 2915 miraberis
986 2851 1139 2914 obtinere.
1178 2852 1374 2916 Venerabilis

417 2970 507 3041 pater
523 2953 691 3019 Gilbertus
705 2952 948 3018 Heresordensis
960 2951 1150 3036 Episcopus,
1164 2951 1241 3015 mihi
1258 2953 1374 3017 referre

417 3061 580 3122 consucvit
605 3056 823 3121 claustralium
852 3076 983 3128 morem,
1008 3076 1102 3138 quem
1130 3054 1160 3116 in
1188 3076 1220 3116 se
1247 3054 1316 3138 ipso
1342 3078 1374 3118 se

417 3160 581 3223 fatebatur
613 3172 789 3245 expertum.
830 3157 937 3233 Quum
969 3155 1050 3217 enim
1082 3154 1305 3219 monasterium
1330 3157 1376 3219 in-

418 3286 546 3351 gressus
561 3273 654 3336 esset,
670 3262 797 3324 fervens
813 3259 918 3322 adhuc
936 3258 1019 3342 igne,
1036 3279 1131 3341 quem
1149 3258 1188 3320 de
1205 3279 1286 3320 novo
1301 3280 1374 3320 con-

419 3384 556 3452 ceperat,
584 3364 827 3447 magistratuum
860 3382 989 3424 suorum
1022 3358 1179 3443 ignaviam
1211 3360 1374 3444 arguebat.
1450 3417 1452 3423 s

421 3473 488 3534 Nec
510 3491 609 3540 mora,
631 3481 796 3551 promotus
817 3466 847 3526 in
872 3463 1006 3541 modico,
1026 3463 1222 3525 miseratione
1244 3463 1375 3550 compli-

420 3575 504 3635 cium
521 3587 629 3632 motus
644 3582 700 3630 est.
741 3566 891 3629 Nondum
914 3581 1017 3629 tamen
1035 3565 1175 3648 pepercit
1191 3565 1374 3651 majoribus.

420 3671 522 3736 Paulo
545 3682 618 3756 post
641 3669 680 3732 ad
709 3668 829 3753 priores
855 3667 1012 3730 ascendit:
1045 3664 1268 3752 prioribusque
1292 3690 1375 3731 com-

418 3773 554 3859 patiens,
570 3792 698 3856 carpere
715 3791 775 3831 non
799 3769 931 3830 cessavit
950 3766 1100 3830 abbatos.
1140 3768 1260 3832 Factus
1280 3781 1328 3831 est
1343 3783 1375 3830 et

422 3879 488 3962 ipse
508 3873 628 3944 Abbas,
652 3886 682 3934 ot
706 3870 866 3955 propitius
886 3870 918 3931 in
942 3869 1122 3941 coabbates,
1145 3869 1375 3954 Episcoporum

422 3979 518 4063 coepit
541 3976 620 4038 vitia
642 3974 770 4036 intueri.
808 3970 954 4032 'l'andem
978 3971 1095 4056 etipse
1117 3972 1307 4056 Episcopus,
1328 3994 1378 4032 co·

422 4078 578 4164 episcopis
590 4075 702 4160 parcit.
735 4077 802 4138 Nec
818 4085 923 4134 tamen
938 4072 1040 4155 ipsum
1056 4071 1185 4135 invidiae
1202 4070 1280 4132 vitio
1295 4069 1377 4132 arbi-

425 4196 489 4243 tror
504 4179 679 4242 laborasse:
705 4175 758 4238 sed
777 4177 824 4237 vir
840 4173 991 4257 prudens,
1005 4172 1093 4257 quod
1109 4171 1289 4233 bominibus
1301 4191 1379 4250 quo-

425 4279 596 4345 dammodo
606 4276 781 4360 ingenitum
799 4294 857 4354 est,
869 4274 1029 4358 eleganter
1043 4272 1209 4356 expressit.
1242 4272 1286 4329 nt
1297 4267 1380 4330 sorte

427 4383 485 4446 hoc
501 4382 560 4445 sibi
584 4379 735 4464 praefatus
750 4389 843 4463 pater
866 4377 1028 4460 imposuit,
1046 4387 1081 4436 ut
1103 4376 1145 4433 sic
1166 4367 1379 4432 laborantium
