3550 5467
420 751 489 797 osr.
507 733 607 812 xun]
784 751 1038 801 muromrrcos.
1319 747 1377 808 les

420 905 549 986 epulum
562 903 640 968 dare
655 924 698 967 ex
708 903 796 968 facili
807 906 1029 989 potueritque
1044 909 1145 989 msgis
1157 930 1256 975 vacuo
1267 914 1374 979 animo

419 1003 529 1068 studiis
540 1005 703 1069 literarum
715 1018 799 1069 esset
808 1017 948 1089 paratus,
959 1028 1055 1090 parva
1066 1008 1238 1074 admodum
1250 1033 1374 1078 summa

419 1116 551 1183 retente,
568 1106 795 1187 patrimonium
810 1128 902 1171 suum
917 1108 1028 1191 patrie
1049 1109 1190 1176 donavit.
1235 1111 1373 1177 Athenis

416 1215 521 1268 sutem
542 1207 761 1289 compluribus
784 1209 876 1273 annis
897 1218 1047 1287 moratus,
1067 1213 1175 1275 omnia
1192 1223 1372 1298 temporum

417 1318 588 1384 momentu,
602 1306 644 1370 ad
659 1307 900 1390 percipiendam
915 1318 948 1371 et
967 1310 1179 1374 exercendam
1196 1312 1370 1380 doctrinam

416 1409 595 1485 conserens,
610 1409 738 1490 ignotus
758 1409 806 1472 illi
828 1409 898 1472 urbi
919 1405 1011 1488 vixit,
1025 1412 1115 1493 quod
1136 1412 1206 1496 ipse
1229 1415 1369 1497 quodam

416 1510 575 1573 volumine
591 1519 724 1573 testatus
738 1520 795 1572 est
841 1506 955 1574 Crates
970 1533 1096 1594 quoque
1116 1513 1170 1576 ille
1185 1515 1370 1594 Thebanus,

416 1610 558 1693 projecto
573 1611 607 1672 in
622 1631 708 1674 mare
722 1631 787 1673 non
809 1630 908 1693 parvo
924 1612 992 1675 auri
1011 1612 1169 1694 pondere:
1198 1617 1304 1686 Abire,
1321 1617 1369 1681 in·

414 1711 494 1792 quit,
514 1731 653 1792 pessum,
670 1712 763 1774 malie
783 1710 988 1793 cupiditates,
1003 1733 1064 1792 ego
1084 1734 1141 1775 voe
1161 1733 1314 1796 mergam,
1328 1737 1368 1779 ne

414 1810 481 1891 ipse
497 1832 652 1892 mergara
666 1811 766 1874 vobis.
798 1810 861 1875 Sed
878 1823 912 1874 et
920 1812 1140 1892 Anaxagoras,
1152 1835 1282 1897 quuma
1297 1816 1369 1880 diu·

415 1910 480 1973 tina
499 1912 765 1993 peregrinatione,
782 1911 918 1995 patriam
938 1912 1118 1994 repetisset,
1133 1916 1366 1996 possessiones·

414 2033 475 2094 que
492 2011 634 2076 dewrtus
648 2013 799 2077 vidisset:
823 2013 855 2075 N
858 2033 900 2075 on
916 2033 1029 2087 essem,
1045 2013 1160 2096 inquit,
1175 2036 1235 2097 ego
1250 2016 1367 2092 salvus,

413 2113 472 2177 nisi
483 2115 554 2178 istie
566 2116 730 2198 perissent
757 2114 957 2180 Socraticum
969 2114 1065 2177 fertur
1080 2117 1253 2194 oraculum,
1264 2118 1362 2181 nemi·

413 2237 483 2278 nem
501 2217 695 2299 locupletem
712 2217 781 2279 fieri
795 2227 831 2279 ut
845 2215 970 2292 doceat,
985 2216 1047 2280 nisi
1068 2238 1101 2280 se
1116 2216 1159 2281 ad
1175 2218 1364 2284 discendum

412 2336 584 2399 pauperem
593 2330 626 2379 et
636 2337 772 2397 egenam
785 2314 910 2386 credat3
934 2337 1060 2399 semper
1071 2318 1155 2380 enim
1166 2318 1364 2385 discentibus

411 2418 502 2499 plura
517 2418 662 2490 deerunt,
675 2439 747 2501 quae
763 2417 847 2480 scitu
856 2417 1003 2501 jucunda
1014 2431 1069 2482 aut
1082 2420 1264 2483 necessaria
1278 2433 1363 2485 sunt

408 2518 540 2581 ,Terram
555 2519 692 2581 alienam
707 2518 912 2601 philosophia
926 2520 1038 2599 exigit,
1053 2529 1085 2582 et
1099 2541 1186 2582 suam
1202 2521 1362 2585 interdum

410 2620 545 2683 alienam
561 2620 648 2697 facit,
658 2620 723 2682 imo
734 2621 869 2682 alienam
880 2619 957 2681 facit
968 2640 1068 2695 suam,
1080 2632 1111 2682 et
1120 2621 1209 2681 nullo
1221 2641 1363 2704 unquam

410 2734 554 2801 pavetur
579 2722 686 2784 exilio.
732 2721 806 2784 Hoc
829 2731 879 2783 est
902 2718 989 2803 quod
1011 2718 1213 2797 domesticas,
1235 2733 1269 2783 et
1290 2742 1362 2804 quae

410 2821 514 2882 carnis
536 2833 621 2897 sunt,
641 2820 741 2901 abigit
759 2817 993 2895 solicitudiuee,
1008 2827 1044 2878 ut
1063 2816 1160 2880 homo
1180 2827 1265 2881 totns
1282 2839 1362 2901 quo-

409 2919 580 2983 dammodo
603 2941 713 2983 versus
735 2920 768 2981 in
792 2919 952 3003 spiritum,
972 2937 1066 2978 omne
1089 2915 1173 2998 qood
1196 2914 1362 2999 sapientise

408 3022 584 3102 profectum
607 3018 752 3104 impedit,
769 3031 894 3100 reputet
915 3016 1063 3080 alienum.
1103 3017 1233 3100 Ubique
1255 3029 1361 3083 tamen

410 3121 507 3198 domi,
521 3132 553 3185 et
568 3122 687 3206 ubique
707 3121 741 3183 iu
757 3121 870 3204 patria,
886 3119 964 3201 quia
982 3117 1103 3200 ubique
1118 3119 1259 3180 locorum
1274 3119 1361 3201 apud

408 3243 452 3299 sc,
467 3234 502 3285 et
520 3223 639 3304 ubique
655 3221 742 3306 apud
762 3221 954 3304 sapientiam
972 3230 1193 3283 commoratur.
1224 3219 1268 3282 Et
1280 3220 1360 3284 forte

408 3323 471 3386 buc
487 3322 696 3405 patriarcham
719 3322 834 3385 invitat
849 3321 1020 3396 Dominus,
1034 3318 1111 3382 dum
1126 3340 1199 3382 eum
1216 3320 1303 3384 exire
1319 3319 1359 3385 de

410 3420 589 3496 terra,etde
598 3421 791 3504 cognatione
799 3442 856 3483 sua
865 3418 1095 3504 praecipit,utin
1105 3419 1359 3502 peregrinatione
1391 3410 1394 3415 ⁵

407 3524 591 3607 proficiens,
611 3523 839 3603 multiplicetur
857 3521 892 3583 in
914 3532 1219 3604 gentemmegnam,
1240 3523 1357 3605 ipsam·

407 3645 468 3708 que
492 3636 606 3689 terram
622 3625 764 3708 acquirat
783 3621 919 3686 feliciter
932 3643 1027 3706 quam
1048 3624 1215 3707 relinquit,
1224 3621 1301 3686 dum
1317 3624 1358 3688 ed

405 3725 605 3788 vocationem
616 3724 791 3808 sapientie,
807 3723 916 3785 omnia
930 3744 1003 3805 quae
1018 3735 1095 3786 sunt
1104 3723 1266 3787 mundana
1281 3745 1358 3787 con·

405 3826 526 3889 temnit.
569 3824 736 3907 Siquidem
758 3825 853 3887 virtus
875 3822 1028 3886 modestae
1050 3823 1244 3906 paupertatis
1266 3845 1357 3888 exer·

405 3924 479 3989 citio
494 3925 620 4004 crescit,
635 3938 668 3988 ct
681 3923 833 3987 fortitudo
846 3922 974 3986 facilius
989 3921 1121 3998 divitiis,
1133 3942 1229 4006 qnam
1241 3923 1358 3987 labori·

404 4027 463 4090 bus
473 4036 687 4109 expugnatur.
712 4024 776 4097 Qui
788 4024 907 4086 veroin
919 4022 1111 4104 cognatione
1122 4024 1356 4108 temporalium,

404 4127 521 4210 quibus
544 4123 781 4208 quodammodo
803 4124 966 4204 ingenitus
992 4131 1050 4200 est,
1070 4123 1186 4205 pedem
1214 4123 1264 4186 sui
1287 4123 1358 4202 figit

403 4227 548 4299 affectus,
565 4224 663 4288 servit
680 4237 713 4286 et
731 4219 914 4300 minoretur,
929 4234 961 4284 et
975 4222 1049 4306 jure
1071 4222 1206 4286 dominii
1225 4219 1358 4283 feliciter

405 4327 616 4410 acquiruntur
646 4325 763 4401 omnia,
792 4345 863 4407 quse
896 4322 1008 4386 mundi
1039 4321 1145 4385 cordis
1177 4319 1357 4396 affectione,
