3550 5467
518 695 561 763 60
778 718 915 764 Joaanrs
929 718 1207 764 saarsnnnmnsrs
1329 701 1412 781 [ers.
1429 721 1472 767 vr.

518 872 552 934 in
568 871 666 948 clero,
682 891 742 934 nec
764 871 865 934 forma
885 870 968 934 fiunt
982 871 1080 953 gregi,
1097 871 1152 955 qui
1167 881 1254 935 recto
1271 874 1352 935 calle
1370 874 1473 957 pergit

519 972 562 1036 ad
587 973 693 1047 vitam,
720 973 894 1054 pretiosam
924 973 1154 1055 supellectilem
1182 986 1370 1056 congerunt,
1395 996 1473 1038 auro

518 1088 552 1140 et
575 1087 708 1157 argento
736 1087 872 1138 onerant
899 1096 1036 1154 mensas,
1064 1077 1127 1138 sibi
1154 1077 1248 1140 etiam
1274 1079 1316 1141 ab
1343 1078 1474 1143 avaritia

517 1177 614 1241 nimis
634 1177 732 1261 parci.
778 1177 862 1240 Nam
886 1198 1009 1260 pauper
1030 1189 1087 1241 aut
1107 1178 1225 1256 nullus,
1240 1191 1295 1242 aut
1312 1201 1401 1243 rarus
1416 1180 1473 1243 ad—

517 1278 663 1356 mittitur,
689 1300 784 1362 quem
814 1279 973 1342 interdum
1004 1300 1070 1341 non
1096 1292 1160 1343 tam
1187 1281 1347 1359 Christus,
1374 1303 1472 1367 quam

517 1401 600 1444 vana
625 1380 727 1459 gloria
751 1380 938 1444 introducit.
988 1379 1189 1445 Concutiunt
1211 1383 1377 1460 ecclesias,
1398 1383 1471 1446 lites

517 1483 671 1558 excitant,
694 1481 853 1545 collidunt
874 1482 995 1545 clerum
1018 1497 1050 1544 et
1073 1484 1239 1567 populum,
1257 1486 1421 1549 laboribus
1440 1468 1480 1549 et·

518 1582 653 1646 miseriis
672 1582 861 1646 afflictorum
883 1604 1087 1668 nequaquam
1102 1586 1350 1669 compatiuntur,
1365 1588 1468 1649 eccle-

519 1685 637 1748 siarum
657 1685 806 1748 laetantur
821 1684 944 1766 spoliis,
959 1694 991 1747 et
1007 1698 1165 1769 qnaestum
1181 1708 1307 1751 omnem
1323 1699 1472 1772 reputant

518 1786 681 1869 pietatem.
724 1785 887 1849 Justitiam
909 1808 975 1850 non
1004 1798 1067 1850 tam
1091 1786 1226 1866 veritati,
1249 1811 1345 1872 quam
1369 1790 1471 1872 pretio

515 1887 663 1952 reddunt.
708 1886 825 1950 Omnia
844 1908 984 1970 namque
1000 1910 1071 1951 cum
1091 1891 1195 1970 pretio
1210 1888 1318 1966 hodie,
1333 1889 1392 1954 sed
1406 1912 1467 1956 nee

516 2009 587 2053 eras
608 1986 729 2070 aliquid
752 1988 822 2048 sine
844 1988 946 2069 pretio
969 1987 1140 2051 obtinebis.
1187 1991 1318 2053 Nocent
1340 1993 1471 2076 saepius,

516 2100 549 2152 et
577 2088 610 2151 in
641 2108 680 2151 eo
705 2086 868 2149 daemones
897 2087 1071 2165 imitantur,
1095 2089 1183 2172 quod
1213 2102 1289 2153 tunc
1316 2093 1471 2173 prodesse

516 2197 669 2275 putantur
683 2208 781 2272 quum
796 2208 914 2251 nocere
928 2187 1097 2268 desistunt,
1112 2192 1258 2276 exceptis
1273 2194 1396 2276 paucis,
1414 2196 1472 2280 qui

514 2311 633 2354 nomen
660 2301 693 2352 et
717 2290 859 2352 officium
885 2291 1022 2373 pastoris
1046 2292 1194 2375 implent.
1249 2294 1373 2359 Sedet
1399 2297 1469 2379 ipsa

515 2394 683 2457 Romanus
704 2391 855 2454 Pontifex
878 2392 1028 2456 omnibus
1048 2394 1163 2475 gravis,
1179 2409 1211 2460 et
1234 2398 1297 2460 sere
1320 2397 1470 2462 intolera-

513 2495 588 2559 bilis
609 2505 678 2558 est:
711 2505 864 2578 praeterea
885 2514 996 2558 omnes
1017 2509 1164 2576 arguunt,
1188 2501 1275 2583 quod
1302 2502 1470 2566 ruentibus

513 2609 546 2662 ct
570 2594 807 2660 collabentibus
836 2596 995 2674 ecclesiis,
1020 2618 1100 2680 quas
1130 2611 1255 2682 patrum
1286 2605 1468 2667 construxit

513 2699 654 2774 dovotio,
679 2697 832 2761 altaribus
862 2717 992 2783 qnoque
1020 2700 1160 2776 incultis,
1186 2702 1306 2783 palatia
1334 2704 1466 2782 extruit,

514 2814 548 2868 et
565 2803 633 2885 ipse
653 2822 718 2865 non
741 2800 837 2862 modo
857 2814 1059 2882 purpuratus,
1075 2801 1132 2864 sed
1147 2802 1317 2867 deauratus
1331 2804 1465 2868 incedit.

516 2903 640 2969 Palatia
661 2901 830 2986 splendent
851 2901 1065 2979 sacerdotum,
1081 2914 1114 2966 et
1134 2903 1167 2967 in
1191 2906 1339 2968 manibus
1358 2927 1467 2969 eorum

517 3006 637 3071 Christi
660 3003 839 3068 sordidatur
858 3004 1008 3068 eeclesia.
1054 3005 1292 3071 Provinciarum
1315 3006 1470 3091 diripiunt

517 3110 631 3193 spolia,
642 3130 681 3173 ac
696 3108 724 3171 si
739 3108 905 3171 thesauros
921 3107 1024 3172 Croesi
1039 3108 1189 3173 studeant
1202 3130 1357 3192 reparare.
1402 3108 1469 3173 Sed

517 3223 604 3276 recte
627 3211 764 3276 cumeis
787 3209 855 3290 agit
870 3209 1068 3286 Altissimns,
1083 3212 1234 3293 quoniam
1252 3223 1284 3275 et
1304 3212 1368 3294 ipsi
1387 3211 1470 3287 aliis,

517 3326 552 3378 et
561 3334 647 3397 soepe
658 3311 819 3374 vilissimis
833 3311 1018 3373 hominibus
1030 3310 1095 3372 dati
1111 3326 1186 3375 sunt
1200 3314 1232 3375 in
1245 3311 1468 3396 direptionem.

516 3416 561 3480 Et
581 3425 616 3477 ut
637 3413 761 3495 opinor,
775 3408 853 3472 dum
875 3411 922 3473 sic
944 3411 976 3471 in
999 3411 1086 3472 invio
1107 3415 1288 3491 erraverint,
1302 3437 1469 3499 nunquam

516 3515 616 3580 deerit
641 3513 688 3576 ais
712 3511 874 3592 flagellum
897 3511 1040 3574 Domini.
1085 3513 1131 3576 Os
1151 3512 1307 3596 siquidem
1331 3516 1467 3579 Domini

515 3621 657 3682 locutum
681 3625 741 3690 est,
762 3612 839 3696 quia
863 3634 928 3697 quo
948 3612 1074 3696 jndicio
1092 3614 1322 3698 judicaverint,
1338 3617 1468 3701 judica·

514 3721 643 3795 buntur,
668 3728 701 3780 et
724 3737 783 3780 sua
809 3736 958 3779 mensura
986 3717 1167 3780 remetietur
1193 3718 1250 3781 eis.
1307 3721 1468 3805 Antiquos

516 3822 638 3885 dierum
674 3819 799 3882 mentiri
829 3840 894 3881 non
925 3819 1023 3882 novit.
1071 3820 1165 3898 Haee,
1194 3821 1335 3905 inquam,
1367 3833 1467 3905 pater,

514 3922 655 4007 loquitru
683 3921 834 4004 populus,
858 3920 1120 4004 qnandoquidem
1148 3923 1194 3985 vis
1224 3938 1259 3987 ut
1290 3924 1377 3987 illius
1407 3924 1465 3987 tibi

515 4022 689 4090 sententias
718 4021 886 4105 proferam.
940 4024 985 4086 Et
1014 4034 1060 4101 tu,
1089 4024 1205 4108 inquit,
1230 4025 1309 4107 quid
1339 4024 1461 4089 sentis?

515 4125 693 4207 Angustiae,
715 4124 857 4206 inquam
877 4136 952 4188 sunt
973 4125 1125 4209 undique.
1173 4128 1291 4190 Vereor
1313 4127 1400 4190 enim
1425 4148 1465 4190 nc

515 4227 674 4292 mendacii
694 4226 743 4288 rel
764 4224 959 4288 adulationis
981 4227 1168 4290 contraham
1192 4238 1311 4306 notam,
1333 4228 1359 4290 si
1381 4229 1468 4290 solus

515 4332 636 4415 populo
668 4326 902 4393 contradixero.
964 4323 1021 4390 Sin
1057 4343 1173 4404 autem,
1208 4342 1327 4392 reatum
1360 4351 1469 4392 vereor
