<?xml version="1.0" encoding="UTF-8"?>
<!DOCTYPE html PUBLIC "-//W3C//DTD XHTML 1.0 Transitional//EN"
    "http://www.w3.org/TR/xhtml1/DTD/xhtml1-transitional.dtd">
<html xmlns="http://www.w3.org/1999/xhtml" xml:lang="en" lang="en">
 <head>
  <title>
</title>
<meta http-equiv="Content-Type" content="text/html;charset=utf-8" />
  <meta name='ocr-system' content='tesseract 3.04.00' />
  <meta name='ocr-capabilities' content='ocr_page ocr_carea ocr_par ocr_line ocrx_word'/>
</head>
<body>
  <div class='ocr_page' id='page_1' title='image "./joannissaresber17johngoog_0360.png"; bbox 0 0 3550 5467; ppageno 0'>
   <div class='ocr_carea' id='block_1_1' title="bbox 410 680 1357 765">
    <p class='ocr_par' dir='ltr' id='par_1_1' title="bbox 410 680 1357 765">
     <span class='ocr_line' id='line_1_1' title="bbox 410 680 1357 765; baseline -0.013 -9"><span class='ocrx_word' id='word_1_1' title='bbox 410 696 474 756; x_wconf 76' lang='grc'><strong>860</strong></span> <span class='ocrx_word' id='word_1_2' title='bbox 666 706 802 751; x_wconf 70' lang='lat' dir='ltr'><strong>scissis</strong></span> <span class='ocrx_word' id='word_1_3' title='bbox 818 703 1096 748; x_wconf 73' lang='lat' dir='ltr'><strong>ssussnsnrsssrs</strong></span> <span class='ocrx_word' id='word_1_4' title='bbox 1191 680 1275 765; x_wconf 71' lang='lat' dir='ltr'><strong>[arn.</strong></span> <span class='ocrx_word' id='word_1_5' title='bbox 1291 704 1357 747; x_wconf 80' lang='lat' dir='ltr'><strong>rm.</strong></span> 
     </span>
    </p>
   </div>
   <div class='ocr_carea' id='block_1_2' title="bbox 410 853 1359 945">
    <p class='ocr_par' dir='ltr' id='par_1_2' title="bbox 410 853 1359 945">
     <span class='ocr_line' id='line_1_2' title="bbox 410 853 1359 945; baseline -0.006 -21"><span class='ocrx_word' id='word_1_6' title='bbox 410 857 679 945; x_wconf 82' lang='lat' dir='ltr'><strong>quemadmodum</strong></span> <span class='ocrx_word' id='word_1_7' title='bbox 703 854 959 942; x_wconf 76' lang='lat' dir='ltr'><strong>superstitionem</strong></span> <span class='ocrx_word' id='word_1_8' title='bbox 991 853 1246 918; x_wconf 87' lang='lat' dir='ltr'><strong>Christianorum</strong></span> <span class='ocrx_word' id='word_1_9' title='bbox 1275 854 1359 918; x_wconf 87' lang='lat' dir='ltr'><strong>auxit</strong></span> 
     </span>
    </p>
   </div>
   <div class='ocr_carea' id='block_1_3' title="bbox 408 955 1361 4394">
    <p class='ocr_par' dir='ltr' id='par_1_3' title="bbox 408 955 1361 4394">
     <span class='ocr_line' id='line_1_3' title="bbox 409 955 1359 1044; baseline -0.005 -19"><span class='ocrx_word' id='word_1_10' title='bbox 409 982 487 1026; x_wconf 86' lang='lat' dir='ltr'><strong>cura</strong></span> <span class='ocrx_word' id='word_1_11' title='bbox 510 957 759 1044; x_wconf 87' lang='lat' dir='ltr'><strong>peregrinorum,</strong></span> <span class='ocrx_word' id='word_1_12' title='bbox 786 971 818 1020; x_wconf 92' lang='lat' dir='ltr'><strong>et</strong></span> <span class='ocrx_word' id='word_1_13' title='bbox 844 956 929 1020; x_wconf 86' lang='lat' dir='ltr'><strong>circa</strong></span> <span class='ocrx_word' id='word_1_14' title='bbox 955 955 1139 1041; x_wconf 86' lang='lat' dir='ltr'><strong>sepulturas</strong></span> <span class='ocrx_word' id='word_1_15' title='bbox 1158 969 1194 1021; x_wconf 85' lang='lat' dir='ltr'><strong>et</strong></span> <span class='ocrx_word' id='word_1_16' title='bbox 1211 969 1359 1033; x_wconf 85' lang='lat' dir='ltr'><strong>mortuos,</strong></span> 
     </span>
     <span class='ocr_line' id='line_1_4' title="bbox 408 1056 1354 1145; baseline -0.005 -19"><span class='ocrx_word' id='word_1_17' title='bbox 408 1062 510 1126; x_wconf 83' lang='lat' dir='ltr'><strong>multa</strong></span> <span class='ocrx_word' id='word_1_18' title='bbox 524 1058 635 1124; x_wconf 85' lang='lat' dir='ltr'><strong>solatia</strong></span> <span class='ocrx_word' id='word_1_19' title='bbox 660 1058 866 1145; x_wconf 71' lang='lat' dir='ltr'><strong>honestaeque</strong></span> <span class='ocrx_word' id='word_1_20' title='bbox 891 1058 1142 1122; x_wconf 88' lang='lat' dir='ltr'><strong>conversationis</strong></span> <span class='ocrx_word' id='word_1_21' title='bbox 1168 1056 1276 1121; x_wconf 86' lang='lat' dir='ltr'><strong>studia</strong></span> <span class='ocrx_word' id='word_1_22' title='bbox 1296 1079 1354 1121; x_wconf 90' lang='lat' dir='ltr'><strong>non</strong></span> 
     </span>
     <span class='ocr_line' id='line_1_5' title="bbox 408 1158 1356 1245; baseline -0.006 -17"><span class='ocrx_word' id='word_1_23' title='bbox 408 1185 494 1241; x_wconf 80' lang='lat' dir='ltr'><strong>vera,</strong></span> <span class='ocrx_word' id='word_1_24' title='bbox 516 1160 571 1226; x_wconf 89' lang='lat' dir='ltr'><strong>sed</strong></span> <span class='ocrx_word' id='word_1_25' title='bbox 593 1160 676 1226; x_wconf 85' lang='lat' dir='ltr'><strong>ficta.</strong></span> <span class='ocrx_word' id='word_1_26' title='bbox 722 1161 809 1238; x_wconf 86' lang='lat' dir='ltr'><strong>Quas</strong></span> <span class='ocrx_word' id='word_1_27' title='bbox 831 1183 880 1224; x_wconf 89' lang='lat' dir='ltr'><strong>res</strong></span> <span class='ocrx_word' id='word_1_28' title='bbox 897 1159 1039 1224; x_wconf 77' lang='lat' dir='ltr'>arbitror</span> <span class='ocrx_word' id='word_1_29' title='bbox 1059 1159 1147 1245; x_wconf 91' lang='lat' dir='ltr'><strong>apud</strong></span> <span class='ocrx_word' id='word_1_30' title='bbox 1171 1181 1232 1222; x_wconf 84' lang='lat' dir='ltr'><strong>nos</strong></span> <span class='ocrx_word' id='word_1_31' title='bbox 1247 1158 1356 1223; x_wconf 83' lang='lat' dir='ltr'><strong>debere</strong></span> 
     </span>
     <span class='ocr_line' id='line_1_6' title="bbox 409 1259 1357 1345; baseline -0.004 -18"><span class='ocrx_word' id='word_1_32' title='bbox 409 1262 471 1327; x_wconf 90' lang='lat' dir='ltr'><strong>sub</strong></span> <span class='ocrx_word' id='word_1_33' title='bbox 485 1260 620 1325; x_wconf 79' lang='lat' dir='ltr'><strong>veritate</strong></span> <span class='ocrx_word' id='word_1_34' title='bbox 641 1261 720 1344; x_wconf 85' lang='lat' dir='ltr'><strong>geri.</strong></span> <span class='ocrx_word' id='word_1_35' title='bbox 766 1261 838 1324; x_wconf 90' lang='lat' dir='ltr'><strong>Non</strong></span> <span class='ocrx_word' id='word_1_36' title='bbox 861 1260 971 1345; x_wconf 89' lang='lat' dir='ltr'><strong>itaque</strong></span> <span class='ocrx_word' id='word_1_37' title='bbox 985 1272 1034 1325; x_wconf 86' lang='lat' dir='ltr'><strong>sat</strong></span> <span class='ocrx_word' id='word_1_38' title='bbox 1056 1273 1103 1325; x_wconf 87' lang='lat' dir='ltr'><strong>est</strong></span> <span class='ocrx_word' id='word_1_39' title='bbox 1120 1272 1152 1325; x_wconf 94' lang='lat' dir='ltr'><strong>te</strong></span> <span class='ocrx_word' id='word_1_40' title='bbox 1174 1259 1269 1325; x_wconf 84' lang='lat' dir='ltr'><strong>talem</strong></span> <span class='ocrx_word' id='word_1_41' title='bbox 1285 1281 1357 1335; x_wconf 84' lang='lat' dir='ltr'><strong>esse,</strong></span> 
     </span>
     <span class='ocr_line' id='line_1_7' title="bbox 409 1360 1357 1438; baseline -0.004 -10"><span class='ocrx_word' id='word_1_42' title='bbox 409 1363 465 1428; x_wconf 87' lang='lat' dir='ltr'><strong>sed</strong></span> <span class='ocrx_word' id='word_1_43' title='bbox 480 1385 589 1427; x_wconf 89' lang='lat' dir='ltr'><strong>omnes</strong></span> <span class='ocrx_word' id='word_1_44' title='bbox 603 1362 748 1427; x_wconf 78' lang='lat' dir='ltr'><strong>absolute</strong></span> <span class='ocrx_word' id='word_1_45' title='bbox 763 1362 846 1426; x_wconf 90' lang='lat' dir='ltr'><strong>circa</strong></span> <span class='ocrx_word' id='word_1_46' title='bbox 861 1361 1022 1426; x_wconf 80' lang='lat' dir='ltr'><strong>Gaiatiam</strong></span> <span class='ocrx_word' id='word_1_47' title='bbox 1039 1360 1231 1426; x_wconf 87' lang='lat' dir='ltr'><strong>sacerdotes.</strong></span> <span class='ocrx_word' id='word_1_48' title='bbox 1275 1363 1357 1438; x_wconf 83' lang='lat' dir='ltr'><strong>Quos</strong></span> 
     </span>
     <span class='ocr_line' id='line_1_8' title="bbox 408 1463 1355 1553; baseline -0.004 -23"><span class='ocrx_word' id='word_1_49' title='bbox 408 1480 466 1532; x_wconf 80' lang='lat' dir='ltr'><strong>sut</strong></span> <span class='ocrx_word' id='word_1_50' title='bbox 481 1466 662 1553; x_wconf 88' lang='lat' dir='ltr'><strong>deprecare,</strong></span> <span class='ocrx_word' id='word_1_51' title='bbox 676 1478 731 1530; x_wconf 86' lang='lat' dir='ltr'><strong>aut</strong></span> <span class='ocrx_word' id='word_1_52' title='bbox 747 1468 869 1529; x_wconf 87' lang='lat' dir='ltr'><strong>ratione</strong></span> <span class='ocrx_word' id='word_1_53' title='bbox 883 1463 985 1543; x_wconf 87' lang='lat' dir='ltr'>flecte,</span> <span class='ocrx_word' id='word_1_54' title='bbox 999 1476 1056 1528; x_wconf 87' lang='lat' dir='ltr'><strong>aut</strong></span> <span class='ocrx_word' id='word_1_55' title='bbox 1071 1476 1158 1528; x_wconf 88' lang='lat' dir='ltr'><strong>certe</strong></span> <span class='ocrx_word' id='word_1_56' title='bbox 1176 1464 1355 1528; x_wconf 69' lang='lat' dir='ltr'>festinanter</span> 
     </span>
     <span class='ocr_line' id='line_1_9' title="bbox 409 1562 1357 1649; baseline -0.001 -20"><span class='ocrx_word' id='word_1_57' title='bbox 409 1564 629 1631; x_wconf 81' lang='lat' dir='ltr'><strong>ssacerdotali</strong></span> <span class='ocrx_word' id='word_1_58' title='bbox 648 1564 821 1628; x_wconf 89' lang='lat' dir='ltr'><strong>ministerio</strong></span> <span class='ocrx_word' id='word_1_59' title='bbox 841 1587 978 1639; x_wconf 87' lang='lat' dir='ltr'><strong>remove,</strong></span> <span class='ocrx_word' id='word_1_60' title='bbox 998 1562 1059 1627; x_wconf 88' lang='lat' dir='ltr'><strong>nisi</strong></span> <span class='ocrx_word' id='word_1_61' title='bbox 1075 1563 1137 1627; x_wconf 89' lang='lat' dir='ltr'><strong>diis</strong></span> <span class='ocrx_word' id='word_1_62' title='bbox 1158 1586 1233 1628; x_wconf 91' lang='lat' dir='ltr'><strong>cum</strong></span> <span class='ocrx_word' id='word_1_63' title='bbox 1254 1565 1357 1649; x_wconf 87' lang='lat' dir='ltr'><strong>conju-</strong></span> 
     </span>
     <span class='ocr_line' id='line_1_10' title="bbox 411 1663 1357 1752; baseline -0.003 -21"><span class='ocrx_word' id='word_1_64' title='bbox 411 1667 519 1752; x_wconf 88' lang='lat' dir='ltr'><strong>gibus,</strong></span> <span class='ocrx_word' id='word_1_65' title='bbox 541 1679 572 1731; x_wconf 94' lang='lat' dir='ltr'><strong>et</strong></span> <span class='ocrx_word' id='word_1_66' title='bbox 595 1665 679 1745; x_wconf 87' lang='lat' dir='ltr'><strong>iiliis,</strong></span> <span class='ocrx_word' id='word_1_67' title='bbox 701 1678 799 1751; x_wconf 86' lang='lat' dir='ltr'><strong>atque</strong></span> <span class='ocrx_word' id='word_1_68' title='bbox 822 1665 931 1742; x_wconf 82' lang='lat' dir='ltr'><strong>servis,</strong></span> <span class='ocrx_word' id='word_1_69' title='bbox 952 1663 1032 1728; x_wconf 86' lang='lat' dir='ltr'><strong>colia</strong></span> <span class='ocrx_word' id='word_1_70' title='bbox 1062 1664 1277 1744; x_wconf 85' lang='lat' dir='ltr'><strong>submiserint,</strong></span> <span class='ocrx_word' id='word_1_71' title='bbox 1298 1689 1357 1728; x_wconf 92' lang='lat' dir='ltr'><strong>non</strong></span> 
     </span>
     <span class='ocr_line' id='line_1_11' title="bbox 411 1766 1357 1844; baseline -0.001 -12"><span class='ocrx_word' id='word_1_72' title='bbox 411 1768 549 1833; x_wconf 80' lang='lat' dir='ltr'><strong>ferentes</strong></span> <span class='ocrx_word' id='word_1_73' title='bbox 570 1767 703 1832; x_wconf 88' lang='lat' dir='ltr'><strong>ulterius</strong></span> <span class='ocrx_word' id='word_1_74' title='bbox 721 1789 831 1830; x_wconf 86' lang='lat' dir='ltr'><strong>eorum</strong></span> <span class='ocrx_word' id='word_1_75' title='bbox 852 1789 970 1844; x_wconf 87' lang='lat' dir='ltr'><strong>servos,</strong></span> <span class='ocrx_word' id='word_1_76' title='bbox 993 1779 1048 1831; x_wconf 86' lang='lat' dir='ltr'><strong>aut</strong></span> <span class='ocrx_word' id='word_1_77' title='bbox 1075 1766 1158 1831; x_wconf 86' lang='lat' dir='ltr'><strong>filios</strong></span> <span class='ocrx_word' id='word_1_78' title='bbox 1180 1767 1242 1831; x_wconf 91' lang='lat' dir='ltr'><strong>hoc</strong></span> <span class='ocrx_word' id='word_1_79' title='bbox 1258 1768 1357 1831; x_wconf 76' lang='lat' dir='ltr'><strong>facere</strong></span> 
     </span>
     <span class='ocr_line' id='line_1_12' title="bbox 410 1867 1357 1953; baseline 0 -21"><span class='ocrx_word' id='word_1_80' title='bbox 410 1880 656 1947; x_wconf 88' lang='lat' dir='ltr'><strong>contemnentes,</strong></span> <span class='ocrx_word' id='word_1_81' title='bbox 671 1882 726 1933; x_wconf 87' lang='lat' dir='ltr'><strong>aut</strong></span> <span class='ocrx_word' id='word_1_82' title='bbox 737 1867 888 1933; x_wconf 78' lang='lat' dir='ltr'><strong>Gailaeos</strong></span> <span class='ocrx_word' id='word_1_83' title='bbox 903 1867 997 1950; x_wconf 89' lang='lat' dir='ltr'><strong>impie</strong></span> <span class='ocrx_word' id='word_1_84' title='bbox 1007 1880 1117 1931; x_wconf 86' lang='lat' dir='ltr'><strong>contra</strong></span> <span class='ocrx_word' id='word_1_85' title='bbox 1127 1871 1214 1931; x_wconf 88' lang='lat' dir='ltr'><strong>Deos</strong></span> <span class='ocrx_word' id='word_1_86' title='bbox 1222 1882 1357 1953; x_wconf 80' lang='lat' dir='ltr'><strong>agentes,</strong></span> 
     </span>
     <span class='ocr_line' id='line_1_13' title="bbox 411 1968 1358 2057; baseline -0.001 -23"><span class='ocrx_word' id='word_1_87' title='bbox 411 1983 444 2035; x_wconf 88' lang='lat' dir='ltr'><strong>et</strong></span> <span class='ocrx_word' id='word_1_88' title='bbox 464 1973 644 2057; x_wconf 82' lang='lat' dir='ltr'><strong>impietates</strong></span> <span class='ocrx_word' id='word_1_89' title='bbox 665 1970 838 2056; x_wconf 89' lang='lat' dir='ltr'><strong>pietatibus</strong></span> <span class='ocrx_word' id='word_1_90' title='bbox 852 1982 1083 2055; x_wconf 75' lang='lat' dir='ltr'><strong>praeponentes.</strong></span> <span class='ocrx_word' id='word_1_91' title='bbox 1129 1968 1256 2033; x_wconf 90' lang='lat' dir='ltr'><strong>Deinde</strong></span> <span class='ocrx_word' id='word_1_92' title='bbox 1269 1992 1358 2033; x_wconf 89' lang='lat' dir='ltr'><strong>cuno-</strong></span> 
     </span>
     <span class='ocr_line' id='line_1_14' title="bbox 414 2070 1358 2156; baseline -0.001 -20"><span class='ocrx_word' id='word_1_93' title='bbox 414 2084 463 2136; x_wconf 91' lang='lat' dir='ltr'><strong>tos</strong></span> <span class='ocrx_word' id='word_1_94' title='bbox 472 2071 619 2149; x_wconf 89' lang='lat' dir='ltr'><strong>admone,</strong></span> <span class='ocrx_word' id='word_1_95' title='bbox 630 2085 666 2136; x_wconf 93' lang='lat' dir='ltr'><strong>ut</strong></span> <span class='ocrx_word' id='word_1_96' title='bbox 682 2072 827 2135; x_wconf 86' lang='lat' dir='ltr'><strong>sacerdos</strong></span> <span class='ocrx_word' id='word_1_97' title='bbox 838 2093 941 2156; x_wconf 90' lang='lat' dir='ltr'><strong>neque</strong></span> <span class='ocrx_word' id='word_1_98' title='bbox 951 2070 991 2134; x_wconf 90' lang='lat' dir='ltr'><strong>ad</strong></span> <span class='ocrx_word' id='word_1_99' title='bbox 1007 2070 1189 2156; x_wconf 86' lang='lat' dir='ltr'><strong>spectacula</strong></span> <span class='ocrx_word' id='word_1_100' title='bbox 1200 2071 1358 2156; x_wconf 86' lang='lat' dir='ltr'><strong>procedat,</strong></span> 
     </span>
     <span class='ocr_line' id='line_1_15' title="bbox 411 2171 1357 2258; baseline 0 -24"><span class='ocrx_word' id='word_1_101' title='bbox 411 2193 516 2254; x_wconf 90' lang='lat' dir='ltr'><strong>neque</strong></span> <span class='ocrx_word' id='word_1_102' title='bbox 530 2173 563 2235; x_wconf 91' lang='lat' dir='ltr'><strong>iu</strong></span> <span class='ocrx_word' id='word_1_103' title='bbox 579 2172 718 2235; x_wconf 88' lang='lat' dir='ltr'><strong>tabernis</strong></span> <span class='ocrx_word' id='word_1_104' title='bbox 734 2172 833 2245; x_wconf 88' lang='lat' dir='ltr'><strong>bibat,</strong></span> <span class='ocrx_word' id='word_1_105' title='bbox 845 2186 902 2237; x_wconf 85' lang='lat' dir='ltr'><strong>aut</strong></span> <span class='ocrx_word' id='word_1_106' title='bbox 918 2172 1048 2237; x_wconf 86' lang='lat' dir='ltr'><strong>cuilibet</strong></span> <span class='ocrx_word' id='word_1_107' title='bbox 1060 2171 1132 2249; x_wconf 86' lang='lat' dir='ltr'><strong>arti,</strong></span> <span class='ocrx_word' id='word_1_108' title='bbox 1148 2172 1357 2258; x_wconf 88' lang='lat' dir='ltr'><strong>operibusque</strong></span> 
     </span>
     <span class='ocr_line' id='line_1_16' title="bbox 412 2271 1359 2361; baseline -0.001 -24"><span class='ocrx_word' id='word_1_109' title='bbox 412 2271 570 2355; x_wconf 88' lang='lat' dir='ltr'><strong>turpibus,</strong></span> <span class='ocrx_word' id='word_1_110' title='bbox 580 2284 636 2335; x_wconf 87' lang='lat' dir='ltr'><strong>aut</strong></span> <span class='ocrx_word' id='word_1_111' title='bbox 648 2271 891 2357; x_wconf 89' lang='lat' dir='ltr'><strong>impudentibus</strong></span> <span class='ocrx_word' id='word_1_112' title='bbox 902 2275 1023 2361; x_wconf 85' lang='lat' dir='ltr'><strong>praesit.</strong></span> <span class='ocrx_word' id='word_1_113' title='bbox 1047 2276 1111 2352; x_wconf 84' lang='lat' dir='ltr'><strong>Qui</strong></span> <span class='ocrx_word' id='word_1_114' title='bbox 1127 2274 1293 2354; x_wconf 92' lang='lat' dir='ltr'><strong>obediunt,</strong></span> <span class='ocrx_word' id='word_1_115' title='bbox 1306 2275 1359 2338; x_wconf 92' lang='lat' dir='ltr'><strong>ho-</strong></span> 
     </span>
     <span class='ocr_line' id='line_1_17' title="bbox 410 2372 1359 2460; baseline 0 -22"><span class='ocrx_word' id='word_1_116' title='bbox 410 2386 572 2450; x_wconf 82' lang='lat' dir='ltr'><strong>notentur,</strong></span> <span class='ocrx_word' id='word_1_117' title='bbox 580 2372 796 2437; x_wconf 89' lang='lat' dir='ltr'><strong>inobedientes</strong></span> <span class='ocrx_word' id='word_1_118' title='bbox 805 2374 938 2460; x_wconf 85' lang='lat' dir='ltr'><strong>expelle.</strong></span> <span class='ocrx_word' id='word_1_119' title='bbox 986 2375 1196 2440; x_wconf 84' lang='lat' dir='ltr'><strong>Xenodochia</strong></span> <span class='ocrx_word' id='word_1_120' title='bbox 1206 2377 1359 2441; x_wconf 88' lang='lat' dir='ltr'><strong>constitue</strong></span> 
     </span>
     <span class='ocr_line' id='line_1_18' title="bbox 411 2473 1361 2564; baseline 0.001 -24"><span class='ocrx_word' id='word_1_121' title='bbox 411 2473 624 2562; x_wconf 81' lang='lat' dir='ltr'><strong>persingulas</strong></span> <span class='ocrx_word' id='word_1_122' title='bbox 645 2475 800 2552; x_wconf 87' lang='lat' dir='ltr'><strong>civitates,</strong></span> <span class='ocrx_word' id='word_1_123' title='bbox 825 2489 861 2541; x_wconf 91' lang='lat' dir='ltr'><strong>ut</strong></span> <span class='ocrx_word' id='word_1_124' title='bbox 882 2491 994 2542; x_wconf 90' lang='lat' dir='ltr'><strong>nostra</strong></span> <span class='ocrx_word' id='word_1_125' title='bbox 1016 2478 1176 2564; x_wconf 90' lang='lat' dir='ltr'><strong>peregrini</strong></span> <span class='ocrx_word' id='word_1_126' title='bbox 1197 2477 1361 2542; x_wconf 85' lang='lat' dir='ltr'><strong>clementia</strong></span> 
     </span>
     <span class='ocr_line' id='line_1_19' title="bbox 412 2575 1357 2651; baseline 0.001 -12"><span class='ocrx_word' id='word_1_127' title='bbox 412 2575 571 2640; x_wconf 70' lang='lat' dir='ltr'><strong>fruantur.</strong></span> <span class='ocrx_word' id='word_1_128' title='bbox 617 2577 689 2639; x_wconf 91' lang='lat' dir='ltr'><strong>Non</strong></span> <span class='ocrx_word' id='word_1_129' title='bbox 720 2588 846 2640; x_wconf 90' lang='lat' dir='ltr'><strong>tantum</strong></span> <span class='ocrx_word' id='word_1_130' title='bbox 876 2577 986 2651; x_wconf 87' lang='lat' dir='ltr'><strong>nostri,</strong></span> <span class='ocrx_word' id='word_1_131' title='bbox 1016 2577 1073 2641; x_wconf 90' lang='lat' dir='ltr'><strong>sed</strong></span> <span class='ocrx_word' id='word_1_132' title='bbox 1094 2577 1191 2641; x_wconf 88' lang='lat' dir='ltr'><strong>etiam</strong></span> <span class='ocrx_word' id='word_1_133' title='bbox 1220 2578 1357 2642; x_wconf 83' lang='lat' dir='ltr'><strong>extranei</strong></span> 
     </span>
     <span class='ocr_line' id='line_1_20' title="bbox 412 2675 1358 2762; baseline 0.001 -23"><span class='ocrx_word' id='word_1_134' title='bbox 412 2675 549 2762; x_wconf 87' lang='lat' dir='ltr'><strong>pecunia</strong></span> <span class='ocrx_word' id='word_1_135' title='bbox 570 2675 758 2760; x_wconf 87' lang='lat' dir='ltr'><strong>indigentes.</strong></span> <span class='ocrx_word' id='word_1_136' title='bbox 804 2680 850 2743; x_wconf 89' lang='lat' dir='ltr'><strong>Ut</strong></span> <span class='ocrx_word' id='word_1_137' title='bbox 881 2677 998 2742; x_wconf 88' lang='lat' dir='ltr'><strong>habeas</strong></span> <span class='ocrx_word' id='word_1_138' title='bbox 1027 2677 1112 2741; x_wconf 90' lang='lat' dir='ltr'><strong>unde</strong></span> <span class='ocrx_word' id='word_1_139' title='bbox 1141 2679 1208 2754; x_wconf 85' lang='lat' dir='ltr'><strong>fiat,</strong></span> <span class='ocrx_word' id='word_1_140' title='bbox 1238 2679 1358 2742; x_wconf 91' lang='lat' dir='ltr'><strong>interim</strong></span> 
     </span>
     <span class='ocr_line' id='line_1_21' title="bbox 412 2774 1358 2865; baseline 0.001 -25"><span class='ocrx_word' id='word_1_141' title='bbox 412 2776 539 2842; x_wconf 86' lang='lat' dir='ltr'><strong>decrevi</strong></span> <span class='ocrx_word' id='word_1_142' title='bbox 553 2774 686 2861; x_wconf 86' lang='lat' dir='ltr'><strong>singulis</strong></span> <span class='ocrx_word' id='word_1_143' title='bbox 697 2776 787 2839; x_wconf 87' lang='lat' dir='ltr'><strong>annis</strong></span> <span class='ocrx_word' id='word_1_144' title='bbox 801 2777 934 2863; x_wconf 84' lang='lat' dir='ltr'><strong>triginta</strong></span> <span class='ocrx_word' id='word_1_145' title='bbox 948 2777 1047 2841; x_wconf 83' lang='lat' dir='ltr'><strong>miliia</strong></span> <span class='ocrx_word' id='word_1_146' title='bbox 1061 2777 1159 2842; x_wconf 87' lang='lat' dir='ltr'><strong>tritici</strong></span> <span class='ocrx_word' id='word_1_147' title='bbox 1175 2778 1294 2843; x_wconf 87' lang='lat' dir='ltr'><strong>modios</strong></span> <span class='ocrx_word' id='word_1_148' title='bbox 1304 2801 1358 2865; x_wconf 86' lang='lat' dir='ltr'><strong>per</strong></span> 
     </span>
     <span class='ocr_line' id='line_1_22' title="bbox 413 2878 1358 2967; baseline 0.004 -25"><span class='ocrx_word' id='word_1_149' title='bbox 413 2880 593 2943; x_wconf 87' lang='lat' dir='ltr'><strong>universam</strong></span> <span class='ocrx_word' id='word_1_150' title='bbox 609 2878 678 2942; x_wconf 90' lang='lat' dir='ltr'><strong>dari</strong></span> <span class='ocrx_word' id='word_1_151' title='bbox 695 2878 865 2955; x_wconf 86' lang='lat' dir='ltr'><strong>Galatiam,</strong></span> <span class='ocrx_word' id='word_1_152' title='bbox 877 2893 908 2945; x_wconf 93' lang='lat' dir='ltr'><strong>et</strong></span> <span class='ocrx_word' id='word_1_153' title='bbox 924 2880 1091 2967; x_wconf 85' lang='lat' dir='ltr'><strong>sexaginta</strong></span> <span class='ocrx_word' id='word_1_154' title='bbox 1105 2879 1205 2945; x_wconf 84' lang='lat' dir='ltr'><strong>millia</strong></span> <span class='ocrx_word' id='word_1_155' title='bbox 1216 2881 1279 2945; x_wconf 87' lang='lat' dir='ltr'><strong>vini</strong></span> <span class='ocrx_word' id='word_1_156' title='bbox 1294 2903 1358 2946; x_wconf 81' lang='lat' dir='ltr'><strong>sex-</strong></span> 
     </span>
     <span class='ocr_line' id='line_1_23' title="bbox 412 2981 1359 3069; baseline 0.003 -25"><span class='ocrx_word' id='word_1_157' title='bbox 412 2981 519 3045; x_wconf 86' lang='lat' dir='ltr'><strong>tarios.</strong></span> <span class='ocrx_word' id='word_1_158' title='bbox 568 2981 692 3046; x_wconf 91' lang='lat' dir='ltr'><strong>Horum</strong></span> <span class='ocrx_word' id='word_1_159' title='bbox 716 2981 923 3068; x_wconf 87' lang='lat' dir='ltr'><strong>quinta&#39;pars</strong></span> <span class='ocrx_word' id='word_1_160' title='bbox 938 2981 1141 3067; x_wconf 84' lang='lat' dir='ltr'><strong>pauperibus,</strong></span> <span class='ocrx_word' id='word_1_161' title='bbox 1167 2983 1287 3069; x_wconf 82' lang='lat' dir='ltr'><strong>templa</strong></span> <span class='ocrx_word' id='word_1_162' title='bbox 1306 2983 1359 3047; x_wconf 92' lang='lat' dir='ltr'><strong>ob-</strong></span> 
     </span>
     <span class='ocr_line' id='line_1_24' title="bbox 413 3080 1358 3169; baseline 0.001 -22"><span class='ocrx_word' id='word_1_163' title='bbox 413 3080 625 3158; x_wconf 88' lang='lat' dir='ltr'><strong>servantibus,</strong></span> <span class='ocrx_word' id='word_1_164' title='bbox 645 3081 739 3146; x_wconf 90' lang='lat' dir='ltr'><strong>debet</strong></span> <span class='ocrx_word' id='word_1_165' title='bbox 761 3082 909 3168; x_wconf 83' lang='lat' dir='ltr'><strong>expendi,</strong></span> <span class='ocrx_word' id='word_1_166' title='bbox 931 3083 1053 3168; x_wconf 88' lang='lat' dir='ltr'><strong>reliqua</strong></span> <span class='ocrx_word' id='word_1_167' title='bbox 1075 3082 1262 3169; x_wconf 85' lang='lat' dir='ltr'><strong>peregrinis,</strong></span> <span class='ocrx_word' id='word_1_168' title='bbox 1282 3084 1358 3149; x_wconf 91' lang='lat' dir='ltr'><strong>indi-</strong></span> 
     </span>
     <span class='ocr_line' id='line_1_25' title="bbox 411 3184 1360 3271; baseline 0.005 -24"><span class='ocrx_word' id='word_1_169' title='bbox 411 3185 627 3270; x_wconf 76' lang='lat' dir='ltr'><strong>gentibusque</strong></span> <span class='ocrx_word' id='word_1_170' title='bbox 642 3184 803 3250; x_wconf 87' lang='lat' dir='ltr'><strong>distribui.</strong></span> <span class='ocrx_word' id='word_1_171' title='bbox 847 3189 957 3271; x_wconf 90' lang='lat' dir='ltr'><strong>Turpe</strong></span> <span class='ocrx_word' id='word_1_172' title='bbox 969 3208 1107 3271; x_wconf 85' lang='lat' dir='ltr'><strong>namque</strong></span> <span class='ocrx_word' id='word_1_173' title='bbox 1116 3200 1177 3260; x_wconf 83' lang='lat' dir='ltr'><strong>est,</strong></span> <span class='ocrx_word' id='word_1_174' title='bbox 1188 3201 1225 3251; x_wconf 88' lang='lat' dir='ltr'><strong>ut</strong></span> <span class='ocrx_word' id='word_1_175' title='bbox 1233 3191 1254 3253; x_wconf 91' lang='lat' dir='ltr'>J</span> <span class='ocrx_word' id='word_1_176' title='bbox 1256 3188 1360 3253; x_wconf 82' lang='lat' dir='ltr'><strong>udaeos</strong></span> 
     </span>
     <span class='ocr_line' id='line_1_26' title="bbox 413 3285 1360 3375; baseline 0.001 -24"><span class='ocrx_word' id='word_1_177' title='bbox 413 3309 475 3351; x_wconf 92' lang='lat' dir='ltr'><strong>non</strong></span> <span class='ocrx_word' id='word_1_178' title='bbox 499 3286 659 3373; x_wconf 83' lang='lat' dir='ltr'><strong>abjiciant,</strong></span> <span class='ocrx_word' id='word_1_179' title='bbox 682 3285 737 3350; x_wconf 91' lang='lat' dir='ltr'><strong>sed</strong></span> <span class='ocrx_word' id='word_1_180' title='bbox 760 3287 867 3374; x_wconf 90' lang='lat' dir='ltr'><strong>potius</strong></span> <span class='ocrx_word' id='word_1_181' title='bbox 889 3290 1033 3352; x_wconf 85' lang='lat' dir='ltr'><strong>nutriant</strong></span> <span class='ocrx_word' id='word_1_182' title='bbox 1058 3287 1148 3375; x_wconf 86' lang='lat' dir='ltr'><strong>impii</strong></span> <span class='ocrx_word' id='word_1_183' title='bbox 1173 3289 1311 3370; x_wconf 72' lang='lat' dir='ltr'><strong>Galilaei,</strong></span> <span class='ocrx_word' id='word_1_184' title='bbox 1330 3301 1360 3352; x_wconf 90' lang='lat' dir='ltr'><strong>et</strong></span> 
     </span>
     <span class='ocr_line' id='line_1_27' title="bbox 413 3390 1361 3477; baseline 0.002 -23"><span class='ocrx_word' id='word_1_185' title='bbox 413 3413 488 3454; x_wconf 88' lang='lat' dir='ltr'><strong>suos</strong></span> <span class='ocrx_word' id='word_1_186' title='bbox 503 3391 632 3477; x_wconf 85' lang='lat' dir='ltr'><strong>pariter,</strong></span> <span class='ocrx_word' id='word_1_187' title='bbox 647 3411 704 3453; x_wconf 90' lang='lat' dir='ltr'><strong>nec</strong></span> <span class='ocrx_word' id='word_1_188' title='bbox 719 3412 780 3453; x_wconf 90' lang='lat' dir='ltr'><strong>non</strong></span> <span class='ocrx_word' id='word_1_189' title='bbox 802 3390 897 3453; x_wconf 90' lang='lat' dir='ltr'><strong>etiam</strong></span> <span class='ocrx_word' id='word_1_190' title='bbox 919 3403 1054 3469; x_wconf 89' lang='lat' dir='ltr'><strong>nostros,</strong></span> <span class='ocrx_word' id='word_1_191' title='bbox 1070 3393 1170 3455; x_wconf 87' lang='lat' dir='ltr'><strong>nostri</strong></span> <span class='ocrx_word' id='word_1_192' title='bbox 1192 3415 1279 3469; x_wconf 87' lang='lat' dir='ltr'><strong>vero,</strong></span> <span class='ocrx_word' id='word_1_193' title='bbox 1293 3415 1361 3456; x_wconf 92' lang='lat' dir='ltr'><strong>nos-</strong></span> 
     </span>
     <span class='ocr_line' id='line_1_28' title="bbox 412 3491 1359 3580; baseline 0.004 -25"><span class='ocrx_word' id='word_1_194' title='bbox 412 3504 535 3555; x_wconf 86' lang='lat' dir='ltr'><strong>trorum</strong></span> <span class='ocrx_word' id='word_1_195' title='bbox 559 3491 671 3556; x_wconf 86' lang='lat' dir='ltr'><strong>solatio</strong></span> <span class='ocrx_word' id='word_1_196' title='bbox 692 3491 889 3556; x_wconf 84' lang='lat' dir='ltr'><strong>deserantur.</strong></span> <span class='ocrx_word' id='word_1_197' title='bbox 935 3491 1141 3580; x_wconf 86' lang='lat' dir='ltr'><strong>Quapropter</strong></span> <span class='ocrx_word' id='word_1_198' title='bbox 1162 3493 1243 3558; x_wconf 87' lang='lat' dir='ltr'><strong>doce</strong></span> <span class='ocrx_word' id='word_1_199' title='bbox 1268 3495 1359 3560; x_wconf 82' lang='lat' dir='ltr'><strong>etiam</strong></span> 
     </span>
     <span class='ocr_line' id='line_1_29' title="bbox 411 3589 1360 3684; baseline 0.006 -29"><span class='ocrx_word' id='word_1_200' title='bbox 411 3589 595 3656; x_wconf 87' lang='lat' dir='ltr'><strong>collationes</strong></span> <span class='ocrx_word' id='word_1_201' title='bbox 617 3593 721 3657; x_wconf 84' lang='lat' dir='ltr'><strong>faeere</strong></span> <span class='ocrx_word' id='word_1_202' title='bbox 747 3617 888 3679; x_wconf 85' lang='lat' dir='ltr'><strong>paganos</strong></span> <span class='ocrx_word' id='word_1_203' title='bbox 911 3596 951 3660; x_wconf 92' lang='lat' dir='ltr'><strong>ad</strong></span> <span class='ocrx_word' id='word_1_204' title='bbox 968 3595 1045 3660; x_wconf 85' lang='lat' dir='ltr'><strong>talia</strong></span> <span class='ocrx_word' id='word_1_205' title='bbox 1067 3595 1254 3676; x_wconf 89' lang='lat' dir='ltr'><strong>ministeria,</strong></span> <span class='ocrx_word' id='word_1_206' title='bbox 1268 3619 1360 3684; x_wconf 79' lang='lat' dir='ltr'><strong>paga·</strong></span> 
     </span>
     <span class='ocr_line' id='line_1_30' title="bbox 411 3693 1360 3785; baseline 0.006 -30"><span class='ocrx_word' id='word_1_207' title='bbox 411 3713 590 3775; x_wconf 79' lang='lat' dir='ltr'><strong>uotumque</strong></span> <span class='ocrx_word' id='word_1_208' title='bbox 619 3693 705 3755; x_wconf 89' lang='lat' dir='ltr'><strong>vicos</strong></span> <span class='ocrx_word' id='word_1_209' title='bbox 734 3696 848 3761; x_wconf 85' lang='lat' dir='ltr'><strong>offerre</strong></span> <span class='ocrx_word' id='word_1_210' title='bbox 870 3696 1029 3784; x_wconf 88' lang='lat' dir='ltr'><strong>primitias</strong></span> <span class='ocrx_word' id='word_1_211' title='bbox 1051 3696 1190 3785; x_wconf 79' lang='lat' dir='ltr'><strong>frugum.</strong></span> <span class='ocrx_word' id='word_1_212' title='bbox 1235 3703 1360 3783; x_wconf 85' lang='lat' dir='ltr'><strong>Eosque</strong></span> 
     </span>
     <span class='ocr_line' id='line_1_31' title="bbox 411 3790 1360 3886; baseline 0.003 -27"><span class='ocrx_word' id='word_1_213' title='bbox 411 3790 595 3879; x_wconf 89' lang='lat' dir='ltr'><strong>hujusmodi</strong></span> <span class='ocrx_word' id='word_1_214' title='bbox 617 3791 790 3857; x_wconf 86' lang='lat' dir='ltr'><strong>benefactis</strong></span> <span class='ocrx_word' id='word_1_215' title='bbox 813 3795 954 3874; x_wconf 89' lang='lat' dir='ltr'><strong>institue,</strong></span> <span class='ocrx_word' id='word_1_216' title='bbox 977 3798 1092 3863; x_wconf 90' lang='lat' dir='ltr'><strong>docens</strong></span> <span class='ocrx_word' id='word_1_217' title='bbox 1114 3823 1167 3864; x_wconf 91' lang='lat' dir='ltr'><strong>eos</strong></span> <span class='ocrx_word' id='word_1_218' title='bbox 1198 3800 1257 3865; x_wconf 90' lang='lat' dir='ltr'><strong>boc</strong></span> <span class='ocrx_word' id='word_1_219' title='bbox 1281 3822 1360 3886; x_wconf 92' lang='lat' dir='ltr'><strong>opus</strong></span> 
     </span>
     <span class='ocr_line' id='line_1_32' title="bbox 410 3892 1358 3986; baseline -0.004 -25"><span class='ocrx_word' id='word_1_220' title='bbox 410 3896 485 3962; x_wconf 85' lang='lat' dir='ltr'><strong>oiim</strong></span> <span class='ocrx_word' id='word_1_221' title='bbox 504 3892 602 3958; x_wconf 80' lang='lat' dir='ltr'><strong>fuisse</strong></span> <span class='ocrx_word' id='word_1_222' title='bbox 625 3904 818 3956; x_wconf 89' lang='lat' dir='ltr'><strong>nostrorum.</strong></span> <span class='ocrx_word' id='word_1_223' title='bbox 864 3901 1028 3963; x_wconf 78' lang='lat' dir='ltr'><strong>Homerus</strong></span> <span class='ocrx_word' id='word_1_224' title='bbox 1048 3898 1131 3961; x_wconf 86' lang='lat' dir='ltr'><strong>enim</strong></span> <span class='ocrx_word' id='word_1_225' title='bbox 1155 3899 1215 3963; x_wconf 84' lang='lat' dir='ltr'><strong>hoc</strong></span> <span class='ocrx_word' id='word_1_226' title='bbox 1238 3900 1358 3986; x_wconf 68' lang='lat' dir='ltr'><strong>probat,</strong></span> 
     </span>
     <span class='ocr_line' id='line_1_33' title="bbox 409 3994 1360 4090; baseline 0 -24"><span class='ocrx_word' id='word_1_227' title='bbox 409 3998 613 4067; x_wconf 88' lang='lat' dir='ltr'><strong>introducens</strong></span> <span class='ocrx_word' id='word_1_228' title='bbox 623 3994 791 4061; x_wconf 87' lang='lat' dir='ltr'><strong>Emenium</strong></span> <span class='ocrx_word' id='word_1_229' title='bbox 803 3999 880 4066; x_wconf 85' lang='lat' dir='ltr'><strong>talia</strong></span> <span class='ocrx_word' id='word_1_230' title='bbox 891 4001 1069 4067; x_wconf 80' lang='lat' dir='ltr'><strong>facientem.</strong></span> <span class='ocrx_word' id='word_1_231' title='bbox 1094 4003 1163 4066; x_wconf 87' lang='lat' dir='ltr'><strong>Nos</strong></span> <span class='ocrx_word' id='word_1_232' title='bbox 1174 4025 1360 4090; x_wconf 86' lang='lat' dir='ltr'><strong>ergoneque</strong></span> 
     </span>
     <span class='ocr_line' id='line_1_34' title="bbox 410 4095 1358 4190; baseline 0.001 -23"><span class='ocrx_word' id='word_1_233' title='bbox 410 4103 494 4167; x_wconf 89' lang='lat' dir='ltr'><strong>bona</strong></span> <span class='ocrx_word' id='word_1_234' title='bbox 509 4113 687 4165; x_wconf 88' lang='lat' dir='ltr'><strong>nostrorum</strong></span> <span class='ocrx_word' id='word_1_235' title='bbox 704 4095 877 4177; x_wconf 86' lang='lat' dir='ltr'><strong>imitamur,</strong></span> <span class='ocrx_word' id='word_1_236' title='bbox 893 4102 948 4169; x_wconf 89' lang='lat' dir='ltr'><strong>sed</strong></span> <span class='ocrx_word' id='word_1_237' title='bbox 964 4103 1034 4167; x_wconf 83' lang='lat' dir='ltr'><strong>aliis</strong></span> <span class='ocrx_word' id='word_1_238' title='bbox 1049 4104 1253 4182; x_wconf 88' lang='lat' dir='ltr'><strong>remittimus,</strong></span> <span class='ocrx_word' id='word_1_239' title='bbox 1263 4103 1358 4190; x_wconf 91' lang='lat' dir='ltr'><strong>negli-</strong></span> 
     </span>
     <span class='ocr_line' id='line_1_35' title="bbox 410 4199 1358 4289; baseline 0.002 -22"><span class='ocrx_word' id='word_1_240' title='bbox 410 4203 517 4287; x_wconf 87' lang='lat' dir='ltr'><strong>gentia</strong></span> <span class='ocrx_word' id='word_1_241' title='bbox 534 4224 595 4265; x_wconf 91' lang='lat' dir='ltr'><strong>non</strong></span> <span class='ocrx_word' id='word_1_242' title='bbox 617 4199 751 4281; x_wconf 87' lang='lat' dir='ltr'><strong>confusi,</strong></span> <span class='ocrx_word' id='word_1_243' title='bbox 766 4205 869 4289; x_wconf 87' lang='lat' dir='ltr'><strong>magis</strong></span> <span class='ocrx_word' id='word_1_244' title='bbox 882 4219 989 4270; x_wconf 86' lang='lat' dir='ltr'><strong>autem</strong></span> <span class='ocrx_word' id='word_1_245' title='bbox 1006 4205 1138 4271; x_wconf 89' lang='lat' dir='ltr'><strong>deorum</strong></span> <span class='ocrx_word' id='word_1_246' title='bbox 1156 4206 1358 4272; x_wconf 79' lang='lat' dir='ltr'><strong>reverentiam</strong></span> 
     </span>
     <span class='ocr_line' id='line_1_36' title="bbox 410 4300 1357 4394; baseline 0.01 -30"><span class='ocrx_word' id='word_1_247' title='bbox 410 4315 602 4388; x_wconf 87' lang='lat' dir='ltr'><strong>respuentes.</strong></span> <span class='ocrx_word' id='word_1_248' title='bbox 629 4300 663 4366; x_wconf 88' lang='lat' dir='ltr'><strong>Si</strong></span> <span class='ocrx_word' id='word_1_249' title='bbox 675 4300 775 4387; x_wconf 89' lang='lat' dir='ltr'><strong>igitur</strong></span> <span class='ocrx_word' id='word_1_250' title='bbox 786 4304 854 4371; x_wconf 87' lang='lat' dir='ltr'><strong>haec</strong></span> <span class='ocrx_word' id='word_1_251' title='bbox 867 4320 898 4370; x_wconf 93' lang='lat' dir='ltr'><strong>te</strong></span> <span class='ocrx_word' id='word_1_252' title='bbox 913 4306 1082 4372; x_wconf 81' lang='lat' dir='ltr'><strong>facientem</strong></span> <span class='ocrx_word' id='word_1_253' title='bbox 1093 4333 1156 4394; x_wconf 90' lang='lat' dir='ltr'><strong>ego</strong></span> <span class='ocrx_word' id='word_1_254' title='bbox 1171 4331 1357 4394; x_wconf 88' lang='lat' dir='ltr'><strong>cognovero,</strong></span> 
     </span>
    </p>
   </div>
   <div class='ocr_carea' id='block_1_4' title="bbox 0 0 1782 5467">
    <p class='ocr_par' dir='ltr' id='par_1_4' title="bbox 0 0 1782 5467">
     <span class='ocr_line' id='line_1_37' title="bbox 0 0 1782 5467; baseline 0 0"><span class='ocrx_word' id='word_1_255' title='bbox 0 0 1782 5467; x_wconf 95' lang='lat' dir='ltr'><strong> </strong></span> 
     </span>
    </p>
   </div>
  </div>
 </body>
</html>
