3550 5467
282 753 354 800 car.
370 735 466 816 arra]
673 755 928 800 nonvcaarrcns.
1179 745 1242 804 289

281 902 464 970 hnmilitate
478 901 581 968 victos
599 918 631 968 ct
652 905 809 990 precibus,
826 904 1012 970 introducit.
1059 907 1117 970 Eis
1132 919 1237 971 tamen

280 1005 439 1071 incentiva
448 1004 536 1090 gulae
547 1028 749 1092 nequaquam
766 1007 911 1092 apponit,
924 1029 981 1071 nec
993 1007 1129 1073 vitulum
1140 1031 1236 1094 quem

279 1105 320 1170 de
334 1117 482 1171 armento
497 1104 593 1184 tollit,
607 1105 777 1192 impendiis
794 1128 914 1183 rerum,
930 1120 963 1172 et
977 1131 1150 1194 coquorum
1168 1125 1236 1174 arte

280 1204 355 1271 fecit
370 1228 440 1270 esse
455 1205 642 1291 Trojanum.
678 1204 765 1269 Loth
781 1229 911 1292 quoque
924 1206 1062 1273 luxuriae
1072 1209 1237 1293 punitores

279 1305 421 1393 angelos,
442 1306 612 1372 devotione
630 1319 777 1390 urgente,
792 1307 825 1370 in
846 1306 977 1371 domum
1002 1331 1091 1371 suam
1110 1310 1186 1393 egit,
1202 1324 1234 1376 et

277 1405 351 1472 licet
377 1406 424 1472 eis
449 1406 492 1471 ad
516 1406 638 1492 gulam,
663 1406 794 1470 aliamve
819 1406 978 1471 luxuriam
1005 1431 1066 1473 non
1092 1411 1233 1489 serviret,

276 1504 355 1570 nibil
381 1519 487 1572 tamen
512 1507 617 1571 defuit
638 1506 777 1571 caritati:
802 1507 882 1571 adeo
900 1508 1042 1594 quidem,
1066 1523 1102 1573 ut
1124 1524 1154 1574 et
1174 1513 1231 1576 So·

274 1607 471 1674 domitarum
487 1609 589 1673 furori
605 1609 744 1695 virgines
754 1608 848 1686 filias,
861 1632 954 1695 quarn
968 1609 1107 1695 hospites
1123 1611 1231 1676 mallet

273 1731 444 1795 exponere.
472 1708 581 1783 Quum
595 1710 627 1773 in
639 1709 736 1773 domo
749 1707 864 1773 Tobiae
875 1709 943 1773 dies
954 1709 1055 1775 festus
1066 1725 1228 1795 ageretur:

274 1811 376 1886 Vade,
404 1810 521 1898 iuquit,
536 1825 568 1875 et
591 1810 698 1876 adduc
722 1809 847 1897 aliquos
870 1811 911 1874 de
935 1811 1020 1876 tribu
1049 1825 1166 1887 nostra,
1191 1812 1231 1875 ti-

273 1926 398 1979 mentes
421 1913 544 1978 Deum:
576 1914 788 2000 nequeenim
815 1913 898 1977 diem
924 1914 1038 1978 festum
1064 1913 1115 1998 agi
1138 1937 1229 2000 posse

271 2015 424 2101 putabat,
442 2016 501 2080 nisi
524 2014 662 2102 aliquem
686 2016 726 2079 ad
746 2016 955 2079 domesticum
976 2028 1093 2080 coetum
1113 2015 1228 2080 caritas

270 2115 449 2203 adjecisset.
496 2118 558 2182 Sed
580 2118 611 2181 in
636 2118 785 2181 omnibus
806 2118 855 2182 his
874 2131 922 2183 est
941 2117 1049 2182 eadem
1070 2117 1225 2182 ordinatae

270 2216 468 2305 dispensatio
493 2219 643 2283 caritatis.
690 2221 777 2297 Quos
803 2219 884 2283 enirn
911 2243 968 2305 per
995 2221 1074 2283 viam
1098 2219 1226 2283 descen-

269 2318 384 2384 dentes
398 2319 522 2407 aspexit
546 2322 702 2399 Abraam,
717 2321 780 2385 illis
801 2322 955 2408 potiorem
976 2335 1129 2408 praestant
1151 2345 1226 2386 auc·

269 2419 442 2502 toritatem,
469 2426 526 2509 qui
555 2422 586 2486 in
610 2424 663 2486 via
686 2444 823 2499 morum,
850 2422 920 2507 lege
950 2422 1068 2488 scilicet
1095 2424 1224 2488 Domini

267 2522 472 2607 gradiuntur.
517 2527 564 2589 Et
582 2538 667 2590 recte
686 2524 912 2589 descendentes
932 2526 1127 2602 scribuntur,
1142 2548 1223 2608 quos

268 2623 310 2688 ad
327 2624 550 2704 visitationem,
565 2641 597 2691 et
612 2626 815 2713 praebendam
832 2627 995 2689 materiam
1012 2626 1224 2710 promerendi,

267 2725 309 2790 ad
325 2740 528 2814 conspectum
551 2726 653 2791 fidelis
668 2726 905 2813 patrisfamilias
920 2725 1023 2810 gratia
1038 2725 1220 2791 destinavit.

266 2827 322 2893 Sic
331 2838 365 2891 et
375 2830 436 2892 iste
447 2827 550 2914 primo
561 2827 681 2892 tribum
692 2849 781 2890 suam
793 2825 945 2911 agnoscit,
959 2848 1033 2912 quae
1046 2825 1219 2890 Dominum

267 2927 448 3014 specialiter
462 2929 663 3014 agnoscebat,
679 2941 711 2991 et
731 2927 763 2990 in
782 2950 819 2990 ea
835 2927 902 3013 ipsa
917 2925 987 2990 illos
1002 2925 1124 2991 crateris
1139 2949 1219 3012 prae-

264 3028 340 3106 fert,
356 3052 419 3092 non
440 3052 520 3115 quos
542 3033 681 3113 sanguis,
697 3042 754 3093 aut
770 3028 923 3092 lenocinia
938 3026 1048 3091 mundi
1065 3028 1216 3093 exinaniti

263 3131 500 3210 commendant,
514 3132 568 3196 sed
585 3155 667 3217 quos
686 3131 813 3196 divinus
834 3131 928 3195 timor
947 3131 1097 3194 illustrat.
1144 3132 1216 3194 Non

262 3233 378 3319 utique
392 3233 619 3320 ventriloquos,
633 3247 665 3297 et
683 3233 868 3321 vaniloquos
884 3237 933 3298 vir
948 3245 1075 3296 sanctus
1090 3230 1214 3309 ascivit,

260 3335 315 3400 sed
333 3359 387 3400 eos
397 3335 454 3422 qui
464 3335 538 3414 Dei,
550 3360 646 3422 quern
661 3335 796 3411 colebat,
808 3336 977 3421 imaginem
994 3335 1214 3419 praeferebant.

260 3438 324 3504 Sed
342 3438 499 3525 numquid
514 3437 579 3503 diei
601 3437 767 3517 festivitas,
781 3438 916 3503 fratrum
933 3451 1046 3513 curtus,
1062 3451 1119 3501 aut
1133 3460 1212 3523 opu·

259 3539 360 3606 lentia
380 3541 573 3618 eduliorum,
596 3564 616 3604 a
636 3543 782 3625 gerendis
804 3566 862 3628 pro
885 3562 972 3607 more
992 3555 1134 3605 sanctum
1158 3541 1212 3604 bo-

258 3643 375 3707 minem
386 3642 580 3707 retardavit?
601 3645 724 3730 Utique
734 3645 765 3707 in
775 3644 1209 3731 ipsalaetitiaconvivantium

257 3742 440 3830 increpatus
466 3768 485 3807 a
509 3744 675 3822 fratribus,
703 3745 891 3827 Hebraeum,
916 3769 1011 3833 quem
1038 3745 1079 3809 ab
1104 3745 1210 3832 impiis

256 3847 441 3932 perculsum
462 3846 616 3924 audierat,
633 3862 704 3932 post
727 3847 809 3912 Solis
830 3850 1025 3928 occubitum,
1040 3851 1116 3934 quia
1136 3861 1209 3911 ante

255 3970 317 4011 non
345 3947 446 4022 licuit,
473 3949 635 4033 profectus
661 3962 708 4014 est
732 3949 872 4033 sepelire.
919 3953 987 4014 Nec
1012 3950 1131 4013 veritus
1160 3961 1207 4011 est

253 4049 404 4113 offensam
427 4048 590 4134 principis,
611 4050 689 4114 dum
716 4050 859 4136 expleret
884 4050 1020 4114 officium
1045 4048 1205 4118 caritatis;

254 4150 300 4215 illi
316 4151 410 4236 plane
424 4150 607 4231 consimilis,
618 4153 674 4238 qui
690 4155 721 4216 in
738 4175 780 4226 se,
796 4165 828 4215 et
845 4152 962 4231 sobole,
972 4172 1067 4236 quam
1085 4153 1119 4213 in'
1131 4149 1205 4210 bos·

252 4255 387 4339 pitibua‚
410 4255 548 4340 recipere
574 4255 687 4320 maluit
712 4278 731 4318 a
756 4253 940 4318 concivibus
963 4251 1133 4318 luxuriosis
1157 4249 1204 4311 iu-

252 4358 376 4440 signem
405 4356 561 4444 injuriam.
610 4357 767 4442 Discipuli
794 4378 925 4441 quoque
951 4350 1206 4440 persuasionibus

308 4480 386 4525 von.
404 4480 448 4524 ιν.
756 4477 777 4520 o
