3550 5467
408 725 472 785 9³2
668 736 804 781 Joausrs
821 734 1102 781 saausnuntsa'sts
1203 719 1284 799 [nin.
1299 735 1363 783 vin.

411 889 639 974 amplissimum
667 886 891 969 patrimonium
918 900 1025 972 posset
1050 910 1118 951 una
1142 887 1362 952 sorbitiuncula

411 990 579 1073 deglutire.
621 988 773 1052 Metellus
788 989 866 1052 Pius
881 989 923 1052 ab
939 988 998 1064 his,
1011 991 1069 1075 qui
1088 1014 1138 1053 res
1153 990 1362 1054 memorabiles

411 1090 563 1161 scribunt,
587 1090 745 1172 arguitur,
764 1088 853 1172 quod
877 1113 910 1151 se
932 1092 995 1151 aria
1015 1101 1048 1153 et
1069 1091 1170 1154 thure
1191 1091 1361 1176 patiebatur

412 1192 452 1252 ab
476 1189 621 1253 hostibus
644 1190 760 1273 excipi,
777 1188 917 1273 laetoque
936 1190 1130 1254 intuebatur
1149 1192 1257 1255 animo
1279 1195 1361 1255 Atta·

411 1291 479 1356 licis
500 1291 610 1355 aulaeis
632 1291 664 1353 in
686 1291 824 1355 adventu
846 1312 903 1353 suo
919 1304 1082 1355 contectos
1102 1293 1253 1377 parietes,
1267 1308 1297 1358 et
1312 1297 1363 1358 im·

413 1394 559 1457 manibus
573 1393 677 1478 epulis
688 1393 782 1456 ludos
792 1392 1052 1478 apparatissimos
1061 1394 1189 1458 sinebat
1201 1397 1361 1478 interponi,

415 1511 444 1559 et
462 1497 494 1559 in
511 1509 597 1559 veste
621 1496 760 1580 palmata
782 1495 928 1557 convicia
952 1494 1147 1573 celebrabat,
1163 1494 1361 1584 dimissasque

414 1597 628 1675 lacunaribus,
650 1596 736 1659 velut
761 1596 879 1660 coelesti
903 1596 1007 1683 capite
1030 1595 1210 1683 recipiebat
1231 1620 1361 1665 coronas.

414 1702 459 1764 Et
477 1698 532 1762 ubi
548 1699 631 1762 ista?
670 1699 741 1760 Non
758 1697 789 1760 iu
805 1697 940 1773 Graecia,
957 1720 1060 1784 neque
1081 1698 1114 1761 in
1131 1703 1220 1778 Asia,
1234 1724 1362 1787 quarum

415 1798 543 1865 luxuria
558 1800 607 1862 vel
629 1800 729 1883 ipsam
754 1799 952 1863 severitatem
973 1821 1182 1884 corrumpere
1203 1800 1294 1879 solet,
1315 1803 1361 1866 sed

414 1902 446 1964 in
467 1902 596 1965 horrida
610 1917 640 1964 et
658 1900 805 1967 bellicosa
820 1900 993 1986 provincia,
1008 1915 1041 1965 et
1057 1924 1134 1987 quta
1153 1900 1362 1968 Romanorum

414 2004 611 2067 exercituum
635 2002 743 2066 oculos
764 2002 925 2068 Lusitanis
947 2002 1017 2068 telis
1044 2005 1273 2092 praestringere
1297 2030 1363 2070 con·

414 2105 526 2168 suevit.
572 2109 694 2169 Xerxes
713 2127 810 2189 opum
836 2108 994 2190 regiarum
1012 2110 1228 2173 ostentatione
1243 2110 1361 2185 eximia,

413 2230 451 2269 eo
462 2230 563 2292 usque
577 2207 704 2269 luxuria
718 2206 893 2290 gaudebat,
906 2217 942 2270 nt
955 2205 1061 2270 edicto
1072 2209 1245 2293 praemium
1256 2214 1283 2274 ei
1298 2234 1362 2297 pro

412 2324 553 2394 poneret,
570 2309 625 2394 qui
643 2331 760 2372 novum
783 2308 959 2395 voluptatis
979 2332 1081 2395 gemm
1102 2313 1284 2396 reperisset,
1304 2337 1363 2400 qua

414 2427 445 2475 et
461 2410 580 2474 delitiis
602 2410 680 2475 dum
703 2411 796 2474 nimis
818 2413 955 2499 capitur,
971 2434 1043 2476 cum
1063 2412 1262 2499 amplissima
1283 2416 1363 2481 ruina

413 2512 535 2597 imperii
560 2513 645 2598 apud
674 2512 864 2579 Salaminam
888 2514 940 2577 vix
963 2537 1026 2579 uua
1046 2537 1128 2578 nave
1148 2516 1260 2582 evasit.
1306 2520 1363 2584 Sed

413 2615 489 2702 quia
502 2614 702 2681 luxuriosum
724 2615 888 2680 muliebris
908 2618 1165 2703 intemperantia:
1188 2619 1363 2685 convivium

412 2717 499 2803 apud
523 2718 689 2781 Maronem
714 2717 873 2803 accepisti,
895 2717 1078 2803 frugalioris
1105 2741 1225 2784 mensae
1250 2723 1362 2786 sobrie·

413 2834 521 2896 tatem,
537 2833 569 2883 et
590 2819 848 2884 continentiorem
871 2833 1003 2895 coetum,
1024 2824 1126 2885 AEnea
1149 2822 1238 2907 apud
1263 2825 1362 2888 Evan-

412 2921 505 2985 drum
521 2921 625 2986 officio
637 2921 843 2985 humanitatis
853 2935 999 3008 excepto,
1009 2923 1161 2989 invenies.
1203 2926 1361 3012 Siquidem

411 3024 670 3088 consoederantur
693 3025 762 3101 viri,
785 3048 840 3088 rex
863 3025 951 3110 pacis
972 3025 1138 3090 dexteram
1163 3027 1232 3103 dat,
1256 3029 1360 3094 huma-

411 3125 520 3189 nitatis
536 3127 631 3190 rerba
645 3125 888 3191 officiosissimus
902 3126 1016 3213 hospes
1031 3127 1259 3215 praeloquitur.

518 3241 586 3294 Haec
599 3242 642 3294 ubi
655 3241 733 3304 dicta,
746 3241 826 3312 dapes
833 3241 911 3313 jubet
923 3247 949 3293 et
960 3240 1063 3293 sublata
1074 3245 1167 3313 reponi

517 3328 622 3392 Pocula,
634 3331 819 3398 gramineoque
831 3331 899 3381 viros
910 3328 979 3382 locat
989 3330 1044 3400 ipse
1056 3329 1142 3382 sedili.

516 3415 727 3485 Praecipuumque
740 3421 803 3478 toro,
817 3422 843 3468 et
854 3415 937 3468 villosi
950 3414 1017 3486 pelle
1028 3414 1113 3468 leonia

515 3499 619 3567 Accipit
633 3501 753 3563 AEneam‚
766 3499 881 3569 solioque
893 3501 986 3552 invitat
998 3517 1099 3553 acerno.

515 3583 583 3635 Tum
594 3583 656 3635 lecti
664 3584 775 3654 juvenes
786 3588 914 3650 certatim
925 3603 1026 3655 araeque
1037 3588 1160 3641 moerdos

515 3669 625 3721 Viscera
637 3677 705 3722 tosta
715 3671 803 3724 serunt
813 3679 953 3736 taurorum,
965 3678 1124 3741 onmantqnu
1136 3677 1258 3729 canistris

517 3754 593 3806 Dona
604 3754 728 3809 laboratae
741 3757 855 3822 Cereris,
869 3757 1052 3826 Bacchumque
1065 3759 1226 3813 ministrant.

516 3841 637 3893 Vescitur
651 3844 759 3906 AEuoaa,
772 3844 848 3895 simul
860 3850 886 3895 et
901 3844 1016 3916 Trojano
1021 3844 1154 3914 juventus,

515 3926 637 3997 Perpetui
649 3935 723 3995 tergo
734 3927 815 3992 bovis,
828 3935 856 3981 et
867 3928 1016 3981 lustralibus
1028 3929 1107 3980 extis.

411 4033 463 4097 lbi
486 4046 601 4096 cuncta
623 4047 697 4097 suut
720 4055 827 4108 aurea,
850 4047 882 4097 et
906 4035 1051 4098 universa
1072 4056 1130 4098 suo
1155 4036 1259 4100 nitore
1284 4057 1358 4122 prae-

406 4134 543 4219 fulgent.
591 4134 653 4196 Hic
675 4133 772 4198 sedile
792 4134 1004 4218 gramineum,
1019 4155 1169 4199 acernum
1187 4137 1313 4212 solium,
1328 4149 1355 4200 et

408 4261 481 4322 quae
497 4237 600 4300 virum
618 4233 728 4298 lortem
742 4234 863 4310 deceat,
876 4235 1002 4322 spoliati
1016 4234 1114 4300 leonis
1130 4235 1225 4320 pellis
1241 4238 1356 4314 villosa,

408 4338 472 4400 Hic
498 4336 568 4402 lecti
592 4339 726 4423 juvenes
749 4336 935 4400 necessaria:
972 4336 1014 4401 ibi
1042 4334 1172 4399 famulae
1198 4343 1355 4424 superflua
