3550 5467
402 759 479 805 ose.
496 744 612 824 xv111.]
776 760 1029 809 rocscmrrcus.
1300 755 1363 815 aaa

403 910 506 976 litatis
528 923 636 975 autem
663 910 750 975 rabie
774 912 820 975 ita
845 912 1015 977 effrenatus
1040 924 1098 990 est,
1123 927 1159 978 ut
1185 919 1357 1000 plurimam

405 1010 545 1073 Senatus
564 1023 687 1094 partem
708 1010 908 1088 interficeret,
924 1026 1103 1097 equestrem
1118 1014 1260 1079 ordinem
1277 1041 1358 1101 pene

403 1110 606 1176 destitueret.
667 1110 729 1174 Sed
758 1133 798 1175 ne
828 1112 1007 1197 parricidiis
1033 1114 1162 1199 quidem
1192 1117 1358 1198 abstinuit,

404 1225 555 1293 matrem,
568 1213 711 1291 fratrem,
728 1236 876 1292 sororem,
887 1238 1031 1294 uxorem,
1043 1230 1237 1304 caeterosque
1251 1241 1360 1286 omnes

405 1326 571 1396 cognatos,
591 1326 623 1377 et
645 1313 851 1400 propinquos,
873 1313 939 1377 sine
960 1313 1158 1379 haesitatione
1175 1320 1359 1401 prostravit.

407 1413 511 1479 Auxit
526 1417 608 1480 hanc
622 1414 736 1477 molem
755 1414 904 1477 facinoris
918 1415 998 1500 ejus,
1014 1417 1174 1481 temeritas
1187 1417 1361 1505 impietatis

406 1517 441 1580 in
455 1518 572 1580 Deum.
618 1517 700 1580 Nam
717 1517 839 1602 primus
855 1519 969 1581 Romae
985 1517 1182 1583 Christianos
1196 1519 1362 1606 suppliciis

406 1631 441 1683 et
465 1619 624 1683 mortibus
651 1619 774 1682 affecit:
806 1642 842 1683 ac
866 1642 924 1706 per
952 1641 1061 1683 omnes
1089 1621 1269 1705 provincias
1292 1625 1362 1707 pari

407 1719 627 1806 persecutione
641 1720 817 1783 excruciari
831 1720 1010 1806 imperavit.
1050 1721 1228 1806 Ipsumque
1247 1743 1361 1785 nomen

407 1820 569 1906 extirpare
583 1834 726 1900 conatuS,
742 1822 940 1885 beatissimos
963 1822 1083 1885 Christi
1107 1821 1281 1907 Apostolos
1300 1824 1361 1887 Pe-

409 1933 498 1986 trum
527 1944 631 1996 cruce,
660 1922 796 1986 Paulum
820 1921 929 2008 gladio
954 1922 1124 1989 interfecit.
1170 1923 1252 1988 Mox
1277 1945 1363 1987 acer-

412 2019 541 2085 bissime
552 2022 696 2086 miseram
706 2021 866 2088 civitatem
882 2022 1003 2089 obortae
1020 2021 1163 2110 undique
1177 2044 1364 2107 oppressere

411 2125 529 2190 clades.
575 2129 657 2190 Nam
679 2126 892 2211 subsequente
907 2137 1060 2190 autumno
1075 2138 1164 2189 tanta
1179 2124 1252 2189 urbi
1267 2126 1363 2212 pesti·

410 2226 510 2290 lentis
524 2225 680 2303 incubuit,
694 2239 730 2289 ut
745 2225 878 2310 triginta
892 2224 991 2288 millia
1005 2225 1155 2290 funerum
1166 2225 1200 2289 iu
1211 2225 1364 2292 rationem

413 2326 567 2390 Libitinae
593 2329 745 2393 venirent.
792 2325 976 2389 Britannica
995 2324 1110 2389 deinde
1128 2324 1233 2390 clades
1254 2350 1272 2391 e
1298 2351 1364 2392 ves·

413 2425 493 2512 tigio
507 2427 635 2507 accidit,
646 2449 710 2512 qua
721 2426 786 2491 duo
798 2426 961 2519 praecipua
972 2426 1102 2515 oppida,
1114 2449 1231 2512 magna
1244 2427 1363 2492 civium

413 2528 632 2615 sociorumque
652 2527 741 2591 clade
759 2541 792 2591 et
812 2528 911 2601 coede,
925 2526 1052 2609 direpta
1074 2539 1159 2590 sunt.
1204 2528 1365 2591 Praeterea

413 2632 447 2694 in
457 2629 576 2693 oriente
588 2628 711 2712 magnis
721 2626 878 2692 Armenioe
887 2624 1058 2710 provinciis
1068 2625 1200 2703 amissis,
1211 2626 1366 2692 Romanae

413 2727 553 2815 legiones
567 2727 755 2815 subjugum
773 2723 960 2787 Parthicum
975 2723 1091 2800 missae,
1107 2746 1256 2808 aegreque
1273 2728 1367 2811 Syria

413 2842 537 2894 retenta
548 2843 608 2892 est.
647 2827 684 2889 ln
697 2825 777 2889 Asia
788 2838 851 2889 tres
863 2823 968 2904 urbes,
980 2824 1039 2886 hoc
1050 2836 1097 2887 est
1111 2824 1277 2908 Laodicea,
1287 2828 1366 2892 Hie-

413 2931 543 3017 rapolis,
559 2928 709 3007 Colossae,
725 2940 816 2995 terroe
831 2940 921 2990 motu
937 2923 1151 2989 conciderunt.
1190 2927 1271 2991 Haec
1287 2932 1367 2994 Oro-

414 3031 479 3098 sius
494 3032 577 3104 fere3
602 3030 695 3115 cujus
710 3028 855 3093 verbiset
867 3049 958 3092 sensu
972 3024 1170 3090 eolibentius
1181 3040 1266 3108 utor,
1277 3031 1366 3115 quod

414 3135 478 3198 scio
510 3131 739 3212 Christianum,
763 3142 796 3193 et
821 3127 928 3213 magni
957 3125 1149 3211 discipulum
1180 3130 1367 3213 Augustini,

415 3244 547 3323 propter
569 3231 751 3318 religionem
777 3231 852 3294 fidei
879 3242 1007 3304 nostrae,
1031 3227 1157 3292 veritati
1183 3229 1368 3316 diligentius

415 3335 576 3401 institisse.
621 3335 705 3398 Haec
726 3331 854 3419 quidem
878 3341 1011 3414 possunt
1034 3341 1065 3392 et
1087 3327 1174 3414 apud
1199 3328 1277 3394 alios
1302 3332 1367 3399 his·

417 3439 532 3502 toricos
551 3435 685 3500 inveniri
700 3432 858 3512 diffusius,
872 3430 929 3517 qui
953 3444 1160 3517 tyrannorum
1176 3433 1369 3514 atrocitates,

417 3553 450 3605 et
464 3540 570 3603 exitus
584 3539 714 3601 miseros
729 3533 853 3621 plenius
870 3532 1023 3600 scribunt.
1071 3532 1150 3608 Quae
1166 3531 1191 3596 si
1207 3535 1280 3620 quis
1295 3535 1369 3601 dili·

417 3642 543 3727 gentius
557 3639 711 3705 recenseri
727 3636 874 3713 voluerit,
885 3636 969 3721 legat
985 3658 1023 3700 aa
1037 3657 1111 3719 quoe
1128 3635 1258 3722 Trogus
1270 3639 1366 3703 Pom·

417 3745 522 3830 peius,
542 3742 716 3830 Josephus,
728 3739 947 3826 Hegesippus,
960 3735 1142 3814 Suetonius,
1163 3736 1205 3812 Q.
1221 3740 1368 3820 Curtius,

420 3848 517 3912 Corn.
539 3846 685 3919 Tacitus,
709 3843 751 3905 T.
773 3840 899 3917 Livius,
920 3841 1065 3918 Serenus,
1087 3851 1118 3902 et
1144 3840 1368 3927 Tranquillus,

419 3958 451 4009 et
465 3945 519 4008 alii
531 3943 685 4019 historici,
701 3965 780 4028 quos
795 3961 979 4004 enumerare
989 3938 1119 4023 longum
1135 3950 1194 4014 est,
1210 3942 1276 4002 suis
1287 3961 1371 4003 com-

419 4045 656 4133 prehenderunt
682 4042 830 4107 historiis.
875 4045 929 4105 Ex
953 4040 1071 4125 quibus
1100 4038 1193 4101 facile
1217 4038 1367 4121 liquebit,

421 4148 496 4235 quia
522 4168 646 4233 semper
669 4158 806 4231 tyranno
828 4141 919 4205 licuit
941 4139 1077 4221 adulari,
1100 4137 1191 4200 licuit
1217 4159 1289 4200 eum
1315 4137 1370 4200 de·

418 4249 533 4335 cipere,
557 4261 587 4312 et
619 4246 785 4309 honestum
816 4242 879 4306 luit
908 4237 1061 4311 occidere,
1087 4237 1113 4298 si
1145 4246 1249 4296 tamen
1279 4233 1372 4301 aliter

417 4350 552 4416 coerceri
568 4371 630 4413 non
649 4359 785 4433 poterat.
831 4344 903 4406 Non
919 4338 1004 4402 enim
1024 4337 1063 4400 de
1079 4333 1213 4419 privatis
1229 4338 1372 4419 tyrannis
