3550 5467
432 758 503 802 car.
521 743 627 815 svin]
785 758 1038 805 rosi'canricus.
1330 742 1385 810 ltt

428 918 504 982 teat,
531 908 590 971 sed
618 906 659 971 ad
690 906 932 992 ingrediendum
958 911 1166 996 compellatur
1195 912 1324 987 inritus,
1352 929 1382 979 et

425 1010 516 1093 quasi
532 1008 729 1074 obnubilans
744 1009 902 1075 lucernam
927 1012 1001 1092 Dei,
1018 1026 1054 1076 ut
1073 1035 1143 1076 eum
1167 1015 1298 1099 impune
1313 1015 1384 1080 irri-

425 1112 500 1177 deat
526 1110 769 1177 fraudulentus.
814 1115 880 1178 Diu
908 1115 1065 1200 siquidem
1096 1115 1178 1181 alius
1207 1117 1379 1184 simulavit.

426 1212 649 1278 Ambitionem
674 1236 812 1300 namque
834 1216 944 1281 multis
965 1217 1091 1282 indiciis
1114 1219 1267 1303 prodidit,
1290 1235 1322 1286 et
1349 1245 1381 1285 se

424 1314 572 1391 divitem,
590 1320 764 1401 potentem,
781 1315 934 1403 insignem
952 1320 1032 1384 velle
1047 1317 1114 1384 lieri
1138 1321 1299 1387 confessus
1321 1333 1379 1400 est,

423 1414 479 1478 sed
496 1416 559 1482 alia
575 1416 637 1493 via,
655 1418 709 1482 sed
726 1417 758 1480 in
775 1417 836 1480 alio
853 1432 950 1495 statu,
966 1420 1018 1483 sed
1043 1420 1075 1483 in
1091 1421 1204 1485 minori
1226 1423 1378 1508 periculo,

423 1517 545 1601 majore
570 1517 728 1583 libertate.
775 1516 884 1583 Voluit
912 1542 978 1583 esse
1005 1521 1119 1584 nobilis
1143 1522 1226 1586 inter
1253 1523 1378 1602 Laicos,

422 1630 480 1682 aut
496 1634 580 1684 certe
595 1640 729 1704 magnus
752 1619 783 1682 in
799 1623 894 1684 clero.
941 1623 992 1686 Ob
1016 1621 1076 1685 hoc
1098 1623 1278 1708 principum
1295 1626 1378 1689 viro-

422 1740 494 1783 rum
526 1720 675 1806 quaesivit
702 1721 849 1806 gratiam,
878 1720 1125 1787 familiaritatem
1156 1726 1238 1802 iniit,
1265 1726 1306 1789 ab
1332 1728 1377 1790 eis

422 1844 633 1908 quascunque
649 1823 787 1909 suscepit
808 1823 998 1887 functiones.
1046 1825 1175 1889 Scriniis
1191 1827 1273 1891 sorte
1295 1851 1376 1912 prae·

422 1921 507 1987 latus
529 1936 587 1999 est,
611 1937 666 1989 aut
690 1924 896 2010 consignandi
920 1925 1059 2010 suscepit
1082 1925 1229 2006 officium,
1251 1942 1308 1994 aut
1334 1929 1376 1993 ci-

420 2023 505 2087 melii
520 2024 710 2104 custodiam,
724 2038 780 2090 aut
803 2026 925 2111 publici
946 2027 1050 2091 claves
1071 2028 1183 2109 aerarii,
1200 2041 1255 2094 aut
1279 2030 1374 2094 ratio-

419 2123 492 2187 cinii
515 2126 617 2189 sarias
639 2127 813 2203 cautiones,
837 2142 889 2192 aut
920 2128 944 2190 si
970 2128 1051 2213 quid
1073 2129 1160 2194 aliud
1186 2132 1311 2216 nequit,
1335 2151 1371 2196 ut

418 2224 570 2291 corbibus
584 2227 800 2312 praeficeretur
816 2229 965 2293 obtinuit.
1011 2232 1083 2294 Non
1100 2245 1204 2296 tamen
1226 2234 1312 2319 quod
1330 2234 1370 2297 ad

417 2350 489 2391 eum
513 2330 671 2416 pertineat
694 2328 734 2393 de
756 2336 873 2414 egenis,
896 2345 951 2396 nut
978 2330 1018 2395 de
1040 2335 1235 2421 pauperibus
1260 2359 1370 2400 curam

415 2444 518 2515 gerat,
534 2432 588 2496 sed
606 2433 681 2518 quia
696 2434 750 2497 fur
770 2448 829 2513 est,
845 2452 878 2498 et
901 2434 1020 2499 loculos
1042 2437 1149 2517 habet,
1165 2462 1246 2524 quos
1269 2442 1370 2503 avari-

416 2531 460 2596 tia
475 2533 571 2599 solvit
585 2534 625 2597 ad
643 2547 780 2620 tempus,
797 2548 832 2599 ut
856 2538 916 2599 sub
931 2537 1068 2624 imagine
1090 2539 1231 2623 pietatis,
1247 2563 1299 2604 eos
1322 2566 1370 2604 sa·

415 2633 555 2720 erilegus
570 2636 695 2711 sarciat,
711 2649 743 2698 et
765 2635 805 2699 de
821 2636 1035 2716 mendicitate,
1050 2651 1082 2701 et
1104 2638 1145 2701 dc
1161 2656 1262 2703 morte
1278 2664 1370 2724 egen-

415 2736 495 2802 tium
512 2737 655 2824 privatas
669 2737 729 2801 sibi
745 2735 873 2802 divitias
888 2752 990 2823 paret.
1037 2740 1070 2802 Si
1088 2741 1171 2802 enim
1189 2764 1271 2803 verae
1286 2765 1370 2805 com-

416 2838 571 2924 passionis
597 2851 776 2903 moreretur
806 2841 934 2917 affectu,
961 2862 1018 2902 sua
1044 2839 1169 2902 fidelius
1194 2853 1226 2903 et
1259 2840 1369 2905 utilius

413 2939 611 3026 pauperibus
633 2953 790 3023 erogaret,
805 2962 902 3024 quarn
923 2940 962 3002 ad
986 2939 1249 3025 dispensationem
1274 2939 1366 3004 alieni

413 3052 568 3105 mercator
593 3039 739 3126 impurus
764 3040 936 3103 accederet.
982 3041 1056 3102 darn
1085 3039 1188 3124 palam
1216 3054 1367 3104 emuntur

412 3144 528 3218 omnia,
540 3141 599 3205 nisi
616 3143 771 3207 modestia
783 3141 958 3205 venditoris
970 3140 1133 3226 impediat.
1173 3141 1266 3204 Adeo
1282 3143 1364 3206 enim

412 3241 508 3306 sacris
523 3243 679 3307 altaribus
702 3241 842 3306 araritiae
866 3241 1017 3327 profanus
1040 3240 1183 3306 imminet
1205 3242 1311 3319 ardor,
1329 3258 1364 3307 ut

411 3339 479 3406 hacc
499 3344 608 3408 omnia
628 3343 717 3428 quasi
741 3340 888 3427 quaedam
913 3341 1062 3427 parodica
1084 3357 1310 3426 praeemantur,
1332 3357 1364 3408 et

409 3442 484 3528 quia
502 3466 558 3529 per
573 3467 606 3508 se
622 3467 682 3508 non
697 3444 829 3507 veniunt
841 3445 872 3506 in
885 3444 1121 3521 commercium,
1134 3444 1221 3509 licite
1232 3456 1264 3508 et
1274 3446 1363 3530 juste

408 3544 584 3610 creduntur
606 3547 729 3632 acquiri
745 3549 770 3608 si
788 3559 963 3632 praeempta
979 3545 1109 3621 suerint,
1126 3559 1181 3610 aut
1207 3555 1361 3633 coempta.

409 3647 495 3724 Quid
511 3648 620 3711 enim?
652 3647 806 3734 Nunquid
823 3648 855 3710 in
872 3647 976 3711 forum
1002 3650 1200 3734 approbante
1225 3665 1360 3734 praetore

407 3768 468 3812 non
482 3751 624 3824 veniunt,
637 3774 711 3837 quae
722 3751 797 3835 jure
808 3751 939 3836 antiquo
951 3751 994 3813 sic
1010 3750 1212 3835 possidentur
1227 3771 1246 3813 a
1263 3752 1359 3826 laicis,

406 3863 441 3915 nt
457 3865 618 3915 transeant
635 3851 674 3914 ad
692 3851 843 3922 haeredes,
856 3864 887 3913 et
905 3849 999 3914 titulo
1015 3849 1204 3927 donationis,
1218 3865 1274 3915 aut
1290 3874 1360 3937 per-

406 3951 607 4028 mutationis,
622 3952 799 4015 alienentur
815 3951 855 4014 ab
871 3952 939 4014 eis?
964 3953 987 4013 J
990 3974 1027 4014 us
1042 3973 1118 4035 ergo
1133 3951 1359 4027 advocationis,

406 4068 461 4117 aut
492 4067 682 4139 patronatus
712 4053 862 4128 ecclesiae,
894 4052 974 4138 quid
1013 4052 1160 4137 prohibet
1200 4052 1358 4117 distrahi?

406 4157 490 4219 Nam
517 4154 604 4242 quod
632 4156 744 4219 beatus·
768 4156 959 4218 Ambrosius
985 4153 1127 4217 haeresim
1155 4153 1356 4218 simoniacam

404 4257 563 4320 committi
590 4254 667 4318 dicit
693 4255 724 4318 in
751 4256 879 4336 talibus,
905 4253 1097 4340 provinciale
1123 4254 1285 4317 decretum
1313 4251 1358 4312 in-

405 4368 624 4443 terpretantur
651 4379 726 4433 csse,
752 4373 783 4420 et
815 4344 901 4440 quod
930 4356 960 4418 in
990 4353 1054 4417 sola
1087 4353 1192 4425 ltalia,
1219 4367 1250 4414 et
1277 4352 1359 4414 inter

855 4466 909 4520 nt
