3550 5467
314 773 380 819 cer.
398 756 474 836 aa]
675 772 931 820 ronrcnarrcoa
1235 765 1273 822 el

306 946 373 989 ease
387 926 499 990 omnia
522 926 755 1012 impedimento
778 927 912 1007 militiae,
927 947 1062 1011 quorum
1084 948 1160 991 usus
1175 949 1265 993 exer-

306 1027 381 1090 citio
406 1049 471 1092 non
497 1028 649 1093 firmatur.
696 1030 856 1095 Caetenrm
884 1029 969 1092 sicut
998 1050 1049 1092 ars
1075 1029 1189 1093 sterilis
1219 1042 1266 1095 est

306 1149 382 1193 usus
400 1129 526 1210 ignara,
540 1131 588 1195 sie
609 1143 642 1195 et
663 1153 739 1196 usus
758 1131 968 1214 imperfectus
988 1143 1047 1208 est,
1063 1131 1118 1215 qui
1141 1153 1182 1196 ex
1200 1146 1265 1196 arte

305 1252 369 1294 non
386 1233 541 1316 provenit.
587 1233 649 1296 Est
663 1254 740 1316 ergo
752 1233 951 1315 singulorum
966 1233 1093 1296 initium
1110 1243 1267 1311 enatura,

305 1354 369 1417 qua
383 1334 573 1408 reluctante,
588 1345 622 1397 et
637 1332 685 1410 (ut
700 1334 764 1397 dici
782 1336 875 1412 solet)
893 1334 995 1397 inrita
1011 1336 1168 1414 Minerva,
1183 1334 1264 1398 nihil

306 1444 391 1500 recte
399 1435 610 1518 aggredimur.
642 1436 834 1518 Progressus
843 1438 884 1500 ab
895 1458 965 1515 usu,
974 1439 1015 1500 ab
1025 1449 1091 1500 arte
1102 1438 1265 1521 perfectior

307 1537 336 1600 si
346 1547 450 1601 tamen
454 1537 528 1622 jugi
538 1538 768 1602 exercitatione
779 1537 1029 1601 sueritsolidata.
1060 1539 1263 1602 Obtinethoc

305 1640 339 1701 in
351 1637 550 1717 liberalibus,
560 1639 717 1718 virilibus,
728 1650 760 1703 et
770 1639 978 1714 mechanicis,
988 1651 1043 1702 aut
1056 1639 1082 1702 si
1096 1662 1167 1723 quae
1180 1651 1265 1717 sunt,

308 1760 444 1829 quarum
474 1739 618 1803 nondum
641 1741 837 1805 audierimus
859 1740 1065 1816 mentionem,
1087 1751 1123 1804 ut
1145 1762 1195 1804 ars
1217 1743 1264 1804 in·

310 1839 463 1905 saecunda
483 1841 526 1904 ait
547 1841 617 1905 sine
640 1863 709 1920 usu,
731 1850 764 1904 et
789 1862 867 1904 usus
891 1842 1075 1905 temerarius
1097 1842 1166 1904 sine
1189 1853 1264 1907 arte.

309 1940 430 2005 Militia
450 1962 527 2023 ergo
546 1941 616 2005 sine
638 1954 704 2004 arte
724 1943 810 2005 iners
830 1953 890 2019 est,
904 1942 1085 2005 inofficiosa
1106 1943 1176 2006 sinc
1195 1964 1265 2006 usu.

309 2041 470 2115 Quocirca
489 2042 546 2126 qui
576 2043 668 2105 miles
694 2063 765 2105 esso
794 2042 936 2118 voluerit,
958 2043 1128 2126 praediscat
1156 2054 1265 2124 artem,

309 2163 444 2227 eamque
454 2164 514 2206 usu
523 2154 555 2207 et
566 2144 724 2208 exercitio
736 2143 849 2217 firmet,
857 2154 895 2207 ut
910 2165 1008 2227 quum
1024 2146 1146 2208 electus
1160 2142 1265 2225 fuerit,

308 2257 342 2309 et
361 2244 483 2309 militioe
504 2259 705 2310 sacramento
732 2247 904 2329 ascriptus,
923 2247 1123 2329 reipublicae,
1144 2258 1176 2311 ot
1201 2249 1264 2312 sibi

309 2346 430 2411 utiliter
444 2348 545 2425 vivat,
559 2360 591 2412 et
611 2369 676 2410 non
700 2349 751 2426 sit,
765 2360 859 2431 prout
874 2349 1065 2413 Plutarchus
1081 2350 1135 2429 ait,
1150 2370 1264 2413 manus

311 2470 436 2514 rnanca
496 2450 561 2512 His
590 2450 676 2513 enim
706 2450 811 2514 verbis
838 2450 872 2512 in
904 2450 1104 2516 institutione
1133 2452 1265 2536 Trajani
1354 2438 1358 2445 ¹

312 2550 483 2615 novissime
497 2571 576 2614 usus
590 2562 649 2628 est,
665 2572 762 2635 quum
779 2552 961 2615 amanibus
979 2556 1147 2636 prolapsus
1163 2567 1212 2618 est
1222 2554 1265 2618 ad

309 2651 419 2736 pedes.
464 2653 643 2737 Sequemur
662 2675 739 2735 ergo
754 2675 839 2732 eum,
855 2665 887 2716 et
907 2654 989 2717 sicut
1008 2656 1078 2738 ipse
1101 2656 1157 2733 ait,
1172 2657 1265 2739 quasi

309 2774 425 2818 soccos
460 2753 600 2837 pedibus
636 2753 801 2832 faciamus,
830 2764 866 2817 ut
895 2777 960 2818 non
989 2756 1191 2820 offendantur
1223 2757 1264 2820 nd

311 2855 465 2940 lapidem,
493 2855 658 2921 obicemve
687 2859 795 2936 aliurn,
825 2879 921 2942 quem
951 2858 1121 2942 multiplex
1150 2859 1265 2940 ingerit

312 2978 418 3022 casua.

312 3144 456 3229 capso.
481 3141 550 3216 Qui
568 3148 634 3209 ciat
658 3148 757 3227 pedes
781 3146 969 3228 reipublice
993 3154 1024 3209 et
1049 3147 1089 3208 de
1114 3170 1194 3210 caro
1217 3152 1263 3210 eis

673 3249 903 3331 impendenda.

355 3371 468 3436 Panas
498 3373 638 3458 quidem,
669 3374 724 3458 qui
759 3374 927 3438 humiliora
963 3385 1115 3438 exercent
1149 3375 1265 3452 officia,

312 3475 525 3558 appellantur,
553 3497 687 3560 quornm
717 3477 874 3560 obsequio
912 3477 1095 3560 reipublicae
1124 3479 1265 3541 membra

313 3596 370 3658 per
391 3587 506 3641 terram
525 3576 721 3660 gradiuntur.
769 3579 809 3641 ln
832 3579 882 3641 his
905 3577 1031 3661 quidem
1054 3579 1264 3659 agricolarum

313 3677 392 3740 ratio
422 3677 563 3755 vertitur,
585 3680 641 3763 qui
670 3690 760 3742 terrae
786 3700 911 3761 semper
938 3677 1113 3754 adhaerent,
1135 3678 1200 3742 sive
1230 3680 1263 3742 in

313 3777 536 3852 sationalibus,
554 3779 621 3842 sire
641 3781 675 3843 in
697 3779 872 3854 consitivis
893 3780 960 3842 sire
984 3780 1015 3842 in
1036 3781 1175 3861 pascuis,
1198 3782 1264 3845 sire

313 3877 345 3940 in
375 3879 482 3942 floreis
504 3879 675 3961 agitentur.
723 3882 785 3943 His
808 3880 903 3943 etiam
927 3894 1135 3962 aggregantur
1158 3885 1265 3946 multe
1294 3953 1295 3956 Ἴ

313 3980 439 4063 species
458 3980 604 4058 lanificii,
622 3995 767 4066 artesque
791 3983 1001 4055 mechanicae,
1017 4004 1090 4066 quae
1112 3982 1145 4044 in
1166 3984 1266 4064 ligno,

312 4082 405 4160 ferro,
435 4105 508 4162 aere,
545 4087 746 4168 metallisque
783 4087 877 4149 variis
915 4087 1106 4161 consistunt,
1136 4087 1266 4147 serviles

311 4205 441 4268 quoque
471 4187 774 4265 obsecundationes,
796 4199 828 4250 et
857 4187 1052 4268 multiplices
1082 4187 1184 4246 victus
1213 4206 1267 4246 ac-

311 4287 469 4370 quirendi,
491 4288 629 4372 vitaeque
659 4289 890 4362 sustentandae,
915 4299 969 4350 aut
993 4309 1057 4350 rem
1082 4285 1265 4347 larniliarem

310 4388 534 4472 amplificandi
557 4391 686 4467 formem
722 4413 793 4474 quae
824 4412 882 4454 nce
911 4389 950 4453 ad
978 4383 1170 4468 praesidendi
1195 4407 1265 4468 per-

764 4508 784 4551 n
801 4495 821 4551 2
