3550 5467
409 724 586 811 camma]
761 744 1018 791 marculiscus.
1302 733 1366 793 299

409 908 565 981 poterunt
580 904 731 981 praestare
747 895 924 973 materiam,
937 894 1048 982 siquis
1062 896 1268 983 antiquorum
1280 896 1367 962 vafre

406 999 497 1065 dicta
511 998 561 1063 vel
577 998 663 1062 sacta
678 1008 913 1084 strategemata,
928 1013 961 1064 et
971 998 1225 1082 strategematica
1236 1021 1368 1085 quoque

407 1113 581 1166 recenseat.
608 1101 770 1166 Caeterum
783 1099 955 1185 quiasaepe
970 1111 1231 1186 strategematum
1248 1101 1368 1167 mentio

406 1198 494 1263 fecta
519 1212 581 1275 est,
607 1217 641 1263 et
665 1219 716 1262 res
740 1199 867 1261 nomine
890 1219 953 1262 non
984 1219 1217 1286 usquequaque
1246 1201 1369 1267 cunctis

406 1299 571 1366 innotuit:
596 1300 743 1365 Valerius
760 1299 925 1363 Maximus
942 1311 1168 1385 strategemata
1179 1302 1224 1365 sic
1239 1301 1369 1379 diffinit,

407 1416 444 1469 ut
460 1403 550 1467 dicat
565 1403 643 1488 quia
656 1414 705 1468 est
727 1422 802 1487 pars
816 1400 1002 1467 calliditatis
1022 1402 1162 1488 egregia,
1179 1417 1210 1468 et
1226 1404 1268 1468 ab
1282 1409 1369 1470 omni

407 1503 653 1591 reprehensione
669 1503 783 1589 procul
798 1515 932 1580 remota,
947 1503 1040 1588 cujus
1051 1525 1159 1589 opera,
1172 1504 1249 1589 quia
1260 1505 1369 1591 appel·

408 1604 528 1669 latione
541 1604 593 1668 vix
605 1618 680 1690 epte
689 1602 823 1688 exprimi
834 1617 979 1689 possunt,
988 1605 1370 1690 Graecapronunciatione

409 1719 640 1791 strategemata
650 1705 865 1794 appellantur.
891 1707 1024 1790 Proprie
1032 1722 1136 1770 tamen
1146 1717 1372 1791 strategemata

411 1821 501 1888 sunt,
523 1831 598 1894 qum
619 1807 747 1872 adrem
771 1807 930 1893 pertinent
951 1805 1129 1872 militarem.
1177 1807 1259 1870 Nam
1281 1818 1315 1872 et
1330 1807 1371 1872 ab

410 1935 451 1974 eo
481 1910 637 1976 dicuntur
666 1909 848 1975 stratilates.
894 1909 975 1986 Quae
1005 1929 1079 1971 vero
1101 1921 1211 1975 contra
1232 1908 1371 1995 propriae

412 2011 639 2099 appellationis
654 2025 762 2076 notam
778 2011 819 2075 ad
835 2033 886 2076 res
897 2008 974 2076 alias
985 2009 1156 2095 pertinent,
1171 2012 1195 2074 J
1198 2009 1263 2075 ulio
1272 2012 1373 2076 Fron·

412 2116 483 2182 tino
506 2126 596 2189 teste,
620 2113 878 2199 strategematica
899 2111 1111 2198 appellantur.
1157 2112 1266 2178 Distat
1287 2112 1371 2177 enim

413 2215 709 2301 strategematicum
738 2239 759 2278 a
787 2227 1022 2299 strategemate,
1045 2214 1207 2300 quomodo
1227 2238 1373 2302 genuae

413 2318 519 2405 specie
535 2304 651 2382 differt.
682 2316 780 2380 Redit
803 2317 919 2380 iterum
936 2316 1031 2382 Publ.
1050 2314 1196 2394 Clodius,
1213 2329 1250 2382 ut
1271 2316 1373 2403 ipsius

415 2441 520 2507 [muca
556 2418 736 2505 subjiciam,
772 2440 911 2505 quorum
949 2417 997 2482 vel
1040 2418 1206 2482 minimum
1244 2415 1373 2490 dixisse,

414 2523 521 2608 majus
549 2533 609 2597 est,
630 2534 664 2585 et
688 2519 885 2585 fructuosius
907 2519 948 2584 ad
974 2519 1124 2603 gloriam,
1145 2541 1242 2603 quam
1263 2517 1374 2580 fecisse

413 2621 502 2708 quod
518 2620 652 2696 faciunt,
668 2621 724 2705 qui
740 2619 859 2705 seipsos
874 2618 1049 2682 eviscerant
1063 2618 1106 2682 ob
1120 2619 1245 2682 inanem
1268 2614 1373 2680 laudis

418 2745 571 2787 amorem.
616 2723 675 2786 Ait
689 2743 785 2806 ergo:

487 2835 654 2891 Beneficium
665 2837 765 2907 accepit
775 2835 871 2900 dando,
882 2835 928 2903 qui
939 2834 1020 2902 digno
1032 2833 1115 2886 dedit.

489 2920 580 2983 Feras,
592 2938 644 2972 non
656 2918 753 2992 erdpes,
765 2920 834 2989 quod
846 2919 942 2972 mutari
953 2936 1006 2970 non
1017 2923 1113 2990 potest.

490 3005 543 3058 Cui
554 3004 612 3076 plns
622 3004 694 3068 licet,
706 3023 783 3074 quam
797 3022 842 3076 par
854 3009 904 3068 est,
915 3001 972 3074 plus
983 3001 1039 3054 vult
1051 3020 1128 3071 qnam
1142 3000 1213 3053 licet.

492 3089 589 3143 Comes
600 3089 724 3143 [mundus
735 3092 763 3142 in
774 3090 817 3142 via
828 3108 873 3161 pro
885 3088 1003 3141 vehiculo
1015 3094 1064 3143 est.

490 3175 642 3244 Fmgelitas
654 3176 759 3228 miseria
770 3181 811 3229 est
822 3176 932 3228 rumoris
943 3175 1013 3228 boni.

493 3262 608 3316 Heredis
618 3261 698 3315 fletus
709 3263 757 3315 snb
770 3279 878 3334 persona
889 3263 957 3314 risus
968 3267 1017 3314 eet.

425 3382 441 3423 ·.
492 3348 575 3404 Furor
585 3347 618 3401 fit
629 3349 725 3420 sepios
737 3349 801 3401 laesa
812 3349 949 3418 patientia.

494 3434 615 3506 lmprobe
627 3433 781 3504 Neptunum
792 3440 906 3500 uacuam
918 3434 963 3503 qui
974 3434 1068 3485 iterum
1079 3430 1242 3501 naufragium
1254 3432 1325 3487 fecit.

493 3519 612 3572 Nimium
623 3518 771 3572 altercando
782 3522 878 3572 veritas
889 3519 1026 3572 amittitur.

495 3603 561 3656 Pars
571 3602 692 3656 beneficii
704 3610 754 3668 est,
766 3605 834 3674 quod
846 3605 941 3675 petitur
954 3605 976 3656 si
988 3603 1038 3655 cito
1050 3620 1139 3671 neges.

493 3691 538 3742 lta
549 3691 662 3742 amicum
672 3690 780 3754 habeas,
794 3696 822 3743 ut
833 3708 909 3762 posse
920 3690 1053 3742 inimicum
1064 3687 1123 3742 fieri
1135 3695 1218 3762 putes.

495 3776 620 3829 Veterem
628 3775 735 3828 ferendo
746 3776 874 3847 injuriam,
886 3776 982 3828 invitas
993 3791 1095 3828 noram.

495 3861 637 3929 Nunquam
649 3860 789 3932 periculum
800 3863 857 3914 sine
868 3861 980 3932 periendo
991 3863 1111 3915 vincitur.

495 3946 612 3999 Necesse
622 3951 665 3998 est
675 3945 770 4000 multos
782 3948 884 4012 timeat,
896 3965 973 4018 quem
984 3944 1061 4000 multi
1072 3949 1176 4002 timent.

426 4052 595 4115 Postremo
610 4051 661 4115 vel
677 4052 767 4115 tenui
780 4054 913 4117 virtutis
924 4050 1053 4132 indicio,
1068 4054 1135 4117 sive
1149 4052 1181 4115 in
1192 4049 1299 4120 verbo.
1316 4047 1383 4110 sive

425 4150 459 4216 in
474 4174 585 4238 opere,
595 4151 681 4216 tama
689 4151 900 4237 protenditur,
915 4167 948 4217 et
966 4155 1085 4218 virtute
1100 4150 1218 4228 relicta,
1229 4157 1382 4232 quantus-

426 4253 505 4321 libet
532 4266 681 4341 sumptus
704 4276 767 4320 non
796 4267 863 4320 tam
886 4250 1033 4339 gloriam,
1054 4274 1150 4340 quam
1178 4245 1382 4335 ignominiam

427 4357 525 4441 perit.
