3550 5467
405 790 471 835 can.
487 770 613 850 avua]
787 789 1043 835 nonrcnsmcos.
1309 773 1369 832 149

405 941 500 1025 quirit
516 940 650 1016 altaria,
666 953 701 1004 ut
726 941 818 1027 quasi
841 941 906 1005 ritu
931 939 1151 1025 Memphitico,
1165 935 1367 1022 quotidianas

405 1043 523 1106 hostias
535 1046 633 1107 novis
648 1043 748 1126 possit
759 1042 913 1106 altaribus
924 1041 1096 1105 immolare.
1126 1038 1248 1102 Nolunt
1260 1051 1364 1102 tamen

406 1145 585 1209 sacerdotio
608 1146 746 1224 onerari,
761 1158 817 1210 aut
840 1145 956 1208 servire
979 1144 1103 1221 altario,
1119 1143 1175 1229 qui
1195 1142 1235 1205 de
1252 1141 1366 1205 altario

406 1247 532 1328 vivum,
546 1271 600 1324 ne,
616 1260 653 1313 ut
668 1247 807 1332 populus
821 1247 939 1332 arguit,
954 1247 1057 1311 dicam
1077 1245 1292 1319 luxuriantur,
1309 1242 1365 1307 sed

406 1358 599 1433 personatus
620 1348 776 1433 quosdam
794 1347 1052 1426 introduxerunt,
1072 1367 1209 1430 quorum
1227 1347 1301 1430 jure
1322 1344 1363 1410 ad

405 1451 506 1514 aliurn
529 1474 638 1527 onera,
661 1451 702 1514 ad
725 1450 820 1514 alium
848 1450 1028 1514 referuntur
1049 1449 1272 1513 emolumenta.
1318 1450 1364 1513 Et

407 1575 510 1638 quum
523 1552 701 1640 Apostolus
711 1553 808 1629 dicat,
819 1555 875 1638 qui
888 1574 949 1615 non
961 1551 1096 1626 laborat,
1109 1573 1171 1613 non
1183 1550 1364 1627 manducet,

407 1653 462 1738 qui
486 1653 654 1719 minimum
682 1667 831 1731 meretur,
854 1652 930 1738 plus
957 1651 1102 1737 percipit,
1123 1664 1154 1714 et
1181 1654 1213 1715 in
1241 1651 1364 1714 labores

407 1753 528 1819 alienos
549 1757 675 1821 ociosus
697 1770 753 1821 aut
769 1755 950 1840 flagitiosus
968 1753 1156 1837 ingreditur.
1196 1755 1276 1830 Quis
1289 1776 1365 1837 ergo

408 1856 494 1922 dicat
511 1859 543 1921 in
562 1858 620 1922 hac
635 1858 769 1923 emenda
784 1857 924 1935 licentia,
938 1878 1039 1942 quum
1056 1877 1118 1918 non
1136 1877 1185 1918 res
1205 1877 1291 1919 sacra
1313 1855 1366 1933 sit,

408 1958 462 2022 sed
480 1960 625 2044 profana,
643 1959 806 2025 simoniam
824 1980 914 2043 posse
929 1954 1105 2022 committi?
1130 1958 1206 2020 Huc
1221 1956 1314 2034 enim,
1328 1970 1363 2020 ut

410 2054 508 2144 vulgo
530 2060 593 2126 dici
617 2061 707 2141 solet,
728 2084 785 2147 per
807 2073 993 2144 argenteum
1018 2073 1145 2144 pontem
1169 2059 1322 2124 transitur
1345 2083 1364 2122 a

408 2160 569 2242 sordibus,
595 2183 671 2248 quoe
698 2173 912 2226 transeuntem
941 2160 991 2225 vel
1018 2173 1112 2245 ponte
1137 2183 1234 2224 aureo
1261 2183 1363 2246 perse-

409 2277 568 2350 quantur.

409 2515 488 2599 Cap.
514 2521 563 2580 18.
596 2519 690 2591 Quod
714 2519 873 2581 ambitiosi
897 2519 1099 2582 dissimulmrt
1124 2541 1156 2580 se
1182 2520 1257 2581 celle
1282 2520 1366 2602 qnod

451 2620 589 2683 monime
613 2627 788 2701 appetunt:
824 2628 855 2684 et
879 2622 998 2702 quibus
1021 2620 1271 2683 accusationibus
1289 2641 1363 2701 pro-

449 2722 590 2803 positum
606 2729 720 2805 tepent.

452 2858 522 2920 San
547 2879 619 2920 ecoe
640 2856 680 2919 ad
703 2857 840 2944 aliquem
864 2858 998 2921 istorum
1022 2856 1283 2942 promovendum,
1306 2872 1363 2923 aut

409 2958 548 3044 cogitur,
575 2973 631 3023 aut
659 2959 907 3023 circumvenitur
932 2960 1071 3038 ecclesia,
1097 2973 1134 3023 ut
1165 2957 1250 3024 dicat
1281 2960 1363 3024 hosti

408 3058 597 3135 domestico,
620 3061 720 3122 amice
742 3059 875 3123 ascende
901 3059 1058 3142 superius.
1105 3059 1235 3143 Stupidi
1254 3059 1363 3145 itaque

408 3160 654 3247 obstupescunt,
677 3183 789 3225 nomen
812 3159 978 3245 dignitatis
1000 3161 1183 3237 abhorrent,
1199 3160 1361 3244 refugiunt

408 3282 503 3340 onus,
526 3275 559 3326 et
586 3274 622 3326 ut
647 3261 773 3326 avidius
801 3261 1018 3348 impellantur,
1044 3285 1131 3325 more
1159 3263 1206 3339 (ut
1232 3262 1362 3346 dicitur)

408 3362 527 3438 arietis,
558 3378 594 3427 ut
623 3365 739 3429 fortius
771 3364 864 3429 feriat
894 3364 1077 3445 recedentis,
1104 3388 1177 3429 cum
1208 3367 1362 3452 suspiriis,

410 3466 594 3549 gemitibus,
608 3483 640 3533 et
659 3467 851 3553 singultibus
870 3466 1177 3554 interrumpentibus
1198 3469 1362 3535 simulatas

408 3567 598 3655 lachrymas,
621 3568 835 3632 retrocedunt.
880 3570 1001 3634 Notum
1028 3569 1183 3655 siquidem
1207 3586 1265 3651 est,
1287 3574 1363 3658 quia

408 3670 499 3735 sedes
525 3672 594 3736 haec
621 3670 719 3735 trahit
744 3684 777 3734 et
802 3669 936 3756 impellit
961 3671 1087 3745 invitos,
1112 3688 1143 3736 et
1167 3697 1249 3759 quos
1272 3689 1361 3741 notat

408 3771 542 3836 ambitio
556 3771 693 3856 repellit.
726 3770 882 3835 Nituntur
897 3793 974 3854 ergo
989 3769 1163 3835 rationibus
1177 3787 1210 3837 et
1224 3778 1361 3839 auctori·

408 3873 530 3938 tatibus
544 3875 669 3949 docere,
685 3895 783 3958 quare
798 3895 850 3935 eos
865 3871 1038 3958 episcopari
1054 3896 1116 3937 non
1132 3873 1252 3940 deceat.
1287 3879 1360 3943 Non

409 3997 488 4055 sum,
504 3975 621 4060 inquit,
638 3973 791 4050 medicus,
807 3987 839 4036 et
859 3974 891 4036 in
907 3972 1002 4036 domo
1025 3996 1094 4037 mea
1115 3990 1238 4041 nonest
1260 3980 1361 4063 panis,

408 4099 464 4140 nec
481 4098 578 4162 penes
597 4098 648 4139 me
663 4075 803 4138 thesauri
824 4089 910 4153 sunt,
926 4074 1009 4138 unde
1024 4076 1056 4137 in
1078 4080 1272 4142 necessitatis
1287 4080 1360 4141 arti-

407 4183 488 4254 culo,
507 4200 591 4242 nova
605 4191 637 4241 et
654 4189 770 4255 vetera,
785 4177 1001 4262 indigentibus
1023 4179 1190 4260 proferam.
1225 4179 1359 4242 Possum

408 4280 517 4367 itaque
549 4279 596 4343 uti
626 4279 828 4343 excusatione
861 4278 1057 4365 prophetica,
1086 4281 1236 4363 quoniam
1271 4278 1360 4364 loqui

407 4384 522 4460 nescio,
538 4394 570 4446 et
587 4381 663 4465 quia
686 4403 765 4466 puer
788 4404 846 4465 ego
869 4401 951 4456 sum,
966 4380 1024 4442 etsi
1048 4401 1108 4441 non
1131 4390 1235 4455 aetate,
1253 4402 1360 4446 revera
