3550 5467
441 681 505 740 3³6
701 694 839 737 tonsis
854 692 1136 739 mssssmss‘srs
1226 681 1312 754 [snt.
1326 697 1391 740 vm.

443 844 631 930 prtjndioet
651 843 803 908 libertati.
843 849 887 907 tt
909 847 1038 929 tyranni
1059 845 1212 911 roluntss
1232 847 1390 931 concupis-

442 948 555 1009 oentiae
568 947 678 1021 servit,
694 959 728 1009 et
742 944 805 1030 legi
820 946 989 1020 rducnos,
1004 970 1080 1032 qnae
1098 947 1284 1013 libamen
1299 949 1390 1026 foret,

440 1048 726 1132 conservisjugum
746 1048 912 1111 servitutis
924 1063 1059 1111 oeouur
1078 1052 1255 1134 imponere.
1293 1053 1386 1114 Dooet

440 1145 509 1210 hnc
539 1149 710 1232 scriptura,
739 1149 791 1211 cui
820 1150 976 1214 oontrsire
1004 1171 1069 1213 non
1099 1150 1187 1215 lioet.
1235 1151 1387 1215 Dixerunt

438 1249 826 1314 omnesririlsrselissd
847 1249 998 1314 Godeon:
1025 1253 1319 1318 Dominsrenostri
1340 1266 1385 1326 tu,

438 1366 472 1415 et
491 1351 578 1416 filius
597 1367 685 1430 tuus,
698 1366 731 1416 et
748 1352 833 1417 filius
853 1352 912 1416 filii
933 1353 994 1426 tui,
1008 1354 1087 1439 quis
1108 1354 1253 1419 liberati
1274 1378 1328 1418 nos
1346 1353 1384 1417 de

439 1475 537 1516 mnu
566 1453 709 1518 hisdino.
753 1453 880 1531 Quibus
910 1451 962 1515 ille
990 1454 1054 1516 ait:
1096 1457 1171 1518 Non
1202 1455 1383 1519 dominam

439 1556 551 1629 vestri,
565 1578 622 1618 nec
640 1554 857 1619 dominabitur
870 1554 903 1616 in
924 1577 980 1617 ros
992 1553 1081 1617 filius
1100 1577 1204 1630 meus,
1219 1555 1276 1619 sed
1289 1555 1383 1619 doni·

438 1656 568 1721 nubitur
589 1657 758 1720 Dominus.
803 1655 962 1741 Dixitque
983 1654 1024 1718 sd
1046 1678 1120 1718 eos:
1152 1657 1261 1720 Unam
1283 1655 1383 1742 petiti·

436 1781 528 1822 onem
548 1759 677 1846 postulo
701 1781 721 1822 s
742 1758 841 1836 vohis,
862 1757 938 1820 date
959 1756 1036 1820 mihi
1062 1757 1192 1824 inaures
1213 1759 1256 1822 de
1278 1757 1383 1843 praeds

435 1876 550 1925 vestra,
587 1860 708 1925 Videor
721 1860 799 1925 mihi
816 1863 847 1924 in
861 1859 960 1944 hujus
974 1857 1075 1922 litere
1089 1859 1183 1935 facie,
1197 1858 1287 1944 qnod
1300 1858 1383 1922 dixe·

434 1982 514 2039 ram,
539 1961 667 2026 intueri.
713 1966 795 2026 Nam
823 1959 956 2025 Gedoou
984 1959 1042 2044 qui
1070 1961 1301 2045 interpretatur
1325 1959 1381 2022 cir-

432 2063 575 2127 cumiens
584 2063 708 2140 inutile,
718 2062 768 2126 vel
784 2061 918 2126 tentatio
928 2058 1109 2145 iniquitatis
1122 2083 1247 2137 comm,
1259 2060 1379 2124 nomine

431 2174 463 2225 et
489 2163 595 2227 verbis
618 2163 747 2227 ridetur
771 2162 926 2248 principis
951 2160 1088 2225 officinm
1115 2161 1265 2225 indiosre.
1301 2161 1380 2246 Ejus

430 2261 512 2326 enim
528 2275 576 2326 est
591 2264 759 2326 circumire
773 2264 913 2340 inutilis,
927 2277 960 2328 et
975 2287 1013 2327 ea
1026 2262 1077 2326 vel
1096 2263 1214 2343 delere,
1228 2264 1279 2326 rel
1293 2284 1379 2325 revo-

427 2386 500 2428 onte
513 2363 555 2428 ud
569 2365 708 2450 frugem,
723 2379 756 2430 et
770 2365 859 2450 quod
875 2364 1020 2452 iniquum
1037 2365 1261 2451 deprehendit,
1275 2363 1378 2429 exclu-

428 2465 504 2531 dere
520 2489 540 2530 ι
556 2466 675 2531 finibus
694 2468 772 2546 suis,
785 2482 823 2532 ut
846 2467 907 2531 sibi
926 2467 1078 2533 adsersus
1099 2468 1209 2532 hostes
1230 2465 1376 2554 procedat

428 2569 570 2634 victoris
615 2569 768 2634 Defertur
788 2569 893 2634 honor
917 2571 1061 2647 dominii,
1083 2584 1118 2634 et
1140 2585 1283 2635 recuset:
1313 2567 1375 2651 legi

429 2678 533 2730 tumen
549 2666 691 2751 subjicit,
707 2689 787 2753 quos
801 2667 911 2752 sjugo
925 2665 1090 2730 servitutis
1103 2665 1252 2730 absolvit
1287 2663 1374 2729 Patri

427 2767 566 2833 filiorum
592 2791 793 2833 successurus
816 2766 960 2832 defertur
985 2767 1104 2831 honor:
1137 2780 1172 2831 at
1194 2766 1248 2830 ille
1270 2769 1373 2831 Deum

425 2869 536 2934 moluit
552 2870 709 2934 honorari.
740 2872 822 2944 Quis
831 2892 939 2934 eorum
957 2882 1041 2934 recte
1051 2869 1127 2932 huic
1136 2867 1372 2943 assimilabitur,

426 2970 483 3058 qui
501 2972 550 3036 fas
570 2973 722 3058 nefasque
742 2972 955 3047 confundunt,
970 2985 1001 3036 et
1021 2985 1191 3035 versantur
1209 2971 1243 3033 in
1260 2968 1372 3034 labori-

424 3073 496 3150 bus,
519 3087 551 3138 et
572 3075 734 3153 aerumnis,
756 3091 793 3138 ut
815 3073 899 3139 filios
919 3074 1040 3159 possint
1060 3095 1123 3137 non
1146 3087 1212 3137 tsm
1237 3070 1372 3150 honoris,

423 3195 520 3261 quam
535 3177 656 3260 rspinae
671 3189 702 3238 et
718 3173 897 3259 iniquitatis
915 3173 1032 3237 hahere
1046 3172 1202 3237 heredes?
1230 3174 1311 3250 Quis
1324 3182 1371 3235 est

419 3275 503 3340 enim
526 3276 584 3362 qui
607 3280 708 3359 legem
733 3277 806 3353 Dei,
826 3288 858 3338 et
876 3274 1034 3360 justitiam
1057 3274 1138 3360 ejus,
1153 3297 1230 3360 quae
1251 3274 1284 3336 in
1308 3275 1372 3336 sols

419 3379 551 3444 caritate
570 3378 724 3460 consistit,
743 3377 817 3442 filiis
838 3381 1032 3463 anteponat?
1059 3378 1123 3454 Qui
1141 3391 1241 3452 amat,
1256 3375 1369 3462 inquit,

417 3494 539 3565 pstrem
556 3494 614 3546 aut
629 3494 773 3556 matrem,
789 3493 844 3545 aut
864 3479 945 3543 filios
960 3478 1034 3564 plus
1051 3498 1146 3561 quom
1162 3497 1226 3551 me,
1241 3496 1304 3538 non
1320 3486 1368 3539 est

416 3603 468 3643 me
482 3581 608 3665 dignus.
645 3587 690 3647 Et
706 3581 850 3667 profecto
864 3581 922 3668 qui
943 3579 1125 3645 transitoris
1140 3577 1273 3642 Christo
1287 3599 1366 3663 prse-

414 3694 550 3767 ponunt‚
566 3682 643 3767 ipsis
658 3684 849 3748 transitoriis
862 3685 959 3748 citius
973 3693 1156 3747 transeunt:
1184 3702 1243 3744 nec
1256 3700 1365 3743 eorum

412 3794 624 3867 perpetuatur
637 3782 750 3867 gloria,
764 3785 852 3868 opud
867 3804 960 3870 quos,
975 3781 1160 3868 postpositis
1174 3780 1256 3856 aliis,
1271 3777 1364 3845 Chri·

412 3895 483 3948 stus
493 3896 598 3947 munet
608 3881 770 3968 inglorius.
800 3881 888 3970 Ergo
900 3904 1005 3948 casum
1016 3882 1126 3946 timeat
1138 3882 1298 3968 prinoeps,
1307 3877 1364 3964 qui

411 3982 583 4049 liberorum
598 3998 654 4049 sut
670 3988 774 4050 earnis
785 4000 893 4050 motus
907 3989 1035 4064 affectu,
1050 3982 1202 4046 honorem
1217 3981 1360 4046 divinum

411 4087 526 4152 minuit
540 4088 703 4151 immemor
717 4088 868 4153 caritatis.
901 4087 961 4152 Sed
975 4107 1067 4150 nemo
1080 4097 1130 4149 est
1141 4084 1199 4170 qui
1210 4084 1243 4148 in
1257 4087 1360 4149 Deum

409 4209 442 4249 se
456 4188 597 4254 fateatur
608 4189 781 4274 insurgere,
792 4194 962 4275 insurgunt
980 4200 1084 4252 tumen
1096 4186 1239 4272 plurimi,
1250 4198 1284 4249 et
1293 4185 1359 4268 jam

407 4289 468 4352 ista
494 4291 598 4374 palum
623 4295 714 4358 fiunt.
755 4296 891 4359 Intravit
917 4289 1101 4355 Antiochus
1127 4292 1159 4353 in
1186 4286 1359 4352 sonctifica-
