3550 5467
324 744 521 825 caenum]
682 760 937 807 ronrcaarrcus.
1233 751 1275 814 48

321 934 430 978 aereas
443 920 621 998 potestates
635 910 808 996 plurimum
822 914 974 996 nequitia
990 936 1057 979 suae
1078 938 1227 983 exercere
1242 920 1276 982 in

255 1080 259 1086 ,
320 1016 403 1093 illos,
417 1015 476 1098 qui
489 1035 578 1077 sanae
594 1013 671 1077 fidei
692 1025 841 1097 expertes
863 1025 949 1093 aunt,
963 1025 997 1079 et
1011 1038 1092 1081 verae
1113 1019 1278 1101 religionis

320 1116 432 1198 ignari.
477 1115 537 1177 Eis
553 1134 692 1197 namque
708 1115 809 1195 grath
819 1116 1025 1196 subtrahitur,
1041 1118 1196 1204 danuquo
1211 1140 1278 1183 ma-

320 1217 418 1299 lignis
433 1215 599 1299 spiritibus
614 1215 745 1278 licentia
759 1216 911 1294 nocendi,
927 1239 1036 1302 quum,
1051 1221 1113 1284 nisi
1136 1221 1278 1284 Domino

319 1317 536 1399 permittente,
568 1315 700 1378 omnino
734 1335 851 1379 nocere
885 1338 950 1379 non
986 1331 1130 1403 possunt,
1160 1342 1221 1384 nec
1250 1321 1278 1384 ai

320 1418 437 1480 velint:
469 1426 502 1479 et
525 1416 611 1480 sicut
634 1417 820 1498 evangelico
843 1416 976 1482 docetur
998 1422 1189 1499 testimonio,
1211 1443 1278 1486 non

321 1518 490 1600 impetrata
502 1516 633 1580 licentia
651 1537 717 1581 non
739 1516 888 1596 audeant,
905 1529 960 1582 aut
975 1533 1096 1603 queant
1112 1522 1228 1586 irruere
1243 1523 1278 1586 in

325 1639 453 1700 gregem
469 1637 648 1702 porcorum.

322 1889 404 1972 Cap.
424 1892 474 1951 18.
518 1888 684 1970 Exempla
707 1889 888 1950 recentiam
913 1890 1136 1967 historiarum,
1150 1898 1183 1953 et
1203 1913 1279 1974 quo-

364 1989 457 2053 modo
471 2009 532 2052 rea
545 1986 713 2050 Hearicus
726 1987 887 2051 secundas
908 1995 1127 2069 tempestatem
1150 1997 1183 2052 et
1201 2011 1278 2072 pro-

363 2092 462 2154 cellas
494 2091 579 2171 repis
614 2089 777 2172 Stephani
810 2092 1018 2169 serenaverit,
1046 2099 1079 2154 et
1103 2093 1279 2173 pacaverit

366 2193 520 2255 insulam.

362 2326 416 2390 Er
432 2326 509 2410 quia
524 2326 646 2389 Brenni
662 2324 796 2388 historia
818 2327 915 2390 alicui
937 2326 1035 2390 nimis
1055 2327 1135 2390 forte
1156 2337 1279 2393 remota

318 2427 478 2493 ridebitur
499 2426 541 2491 ad
569 2426 809 2490 monstrandam
833 2428 980 2492 virtutem
1004 2429 1122 2512 gentis,
1138 2431 1190 2492 cui
1211 2451 1278 2494 non

318 2540 444 2605 natura,
469 2527 527 2592 sed
554 2526 711 2607 doctrina,
735 2529 937 2608 exercitium,
958 2551 1020 2607 ars,
1042 2541 1075 2593 et
1101 2530 1181 2595 forte
1207 2531 1277 2596 dux

321 2631 422 2707 deest,
436 2627 558 2693 accedo
580 2630 723 2716 propius,
741 2641 773 2693 et
793 2652 921 2715 eaquae
943 2631 1007 2694 fere
1030 2641 1106 2693 sunt
1128 2632 1278 2696 omnibns

320 2743 409 2809 nota,
448 2729 679 2814 compendioso
715 2752 861 2795 sermone
898 2752 1087 2815 proponam.
1142 2732 1280 2799 Enudus

319 2841 440 2915 quanta
468 2833 582 2895 virtute
612 2834 802 2915 Anglorum,
828 2834 939 2897 Dacos
965 2829 1117 2897 Danosve
1142 2836 1279 2916 fregerit,

320 2943 491 3018 motusque
518 2934 754 3017 compescuerit
777 2935 982 3010 Noricorum,
1004 2934 1056 2998 vel
1081 2956 1124 2999 ex
1146 2957 1185 3000 so
1206 2957 1279 3021 per·

320 3024 469 3118 spicuam
485 3044 545 3113 est,
559 3034 647 3118 quod
659 3037 701 3099 ob
717 3037 854 3117 egregia
869 3036 992 3099 virtutis
1006 3037 1164 3116 meritum,
1181 3059 1279 3121 quam

320 3131 442 3197 ibidem
464 3143 613 3216 potenter
634 3143 667 3198 et
688 3143 834 3214 patenter
856 3134 1002 3222 exercuit
1023 3134 1141 3199 Cantia
1160 3147 1280 3214 nostra,

320 3236 434 3320 prima)
455 3233 594 3298 cohortis
615 3236 783 3315 honorem,
798 3246 832 3299 et
852 3235 974 3318 primos
994 3256 1183 3317 congressus
1204 3237 1279 3302 hos·

322 3338 413 3413 dnm,
431 3359 533 3423 nsque
551 3324 798 3401 inhodiemum
820 3337 906 3400 diem
929 3337 964 3400 in
988 3338 1138 3401 omnibus
1160 3340 1280 3424 praeliis

322 3440 456 3504 obtinet.
500 3440 671 3504 Provincia
686 3461 817 3524 quoque
841 3439 1022 3517 Severiana,
1037 3462 1109 3524 quae
1123 3440 1279 3506 moderno

320 3561 383 3604 uso
404 3551 437 3604 et
460 3541 589 3603 nomine
613 3541 655 3603 ab
677 3540 795 3604 incolis
818 3541 983 3604 Wiltesira
1007 3552 1150 3621 vocatur,
1164 3544 1280 3609 eodem

317 3642 391 3726 jure
407 3643 469 3706 sibi
484 3640 633 3706 vendicat
648 3640 812 3704 eohortem
827 3640 1061 3721 subsidiariam,
1077 3642 1205 3727 adjecta
1219 3646 1280 3709 sibi

320 3743 470 3807 Devonia
483 3754 516 3806 et
530 3742 705 3807 Comubia.
751 3741 804 3804 Ad
820 3753 966 3825 tempora
981 3754 1087 3807 nostra
1102 3744 1278 3811 descendo:

321 3847 396 3910 Rex
417 3846 607 3925 Anglorum,
627 3843 683 3928 qui
705 3842 811 3906 Rufus
833 3845 1080 3924 cognominatus
1103 3855 1162 3925 est,
1184 3849 1280 3913 armis

322 3946 454 4030 quidem
474 3956 629 4022 strenuus,
646 3940 703 4006 sed
726 3963 837 4026 parum
860 3942 1038 4025 religiosus,
1055 3953 1088 4006 et
1102 3946 1157 4028 qui
1172 3968 1280 4030 perse.

321 4048 454 4111 cutione
475 4059 667 4119 sanctorum,
683 4052 717 4107 et
730 4044 894 4126 praecipue
913 4045 1018 4108 saneti
1033 4048 1176 4110 Anselmi
1193 4051 1278 4114 Can-

320 4148 504 4221 tuariensis,
520 4149 678 4231 spiculum
701 4145 832 4209 invidiae
848 4167 912 4230 quo
935 4148 1230 4221 antecameram
1246 4172 1280 4213 so

320 4250 408 4313 visus
435 4259 484 4313 est
507 4267 709 4331 provocasse,
730 4246 769 4323 is,
789 4246 933 4330 inquam,
953 4248 1200 4311 cenomannum
1223 4269 1280 4312 ex-

319 4351 490 4433 pugnavit,
499 4349 660 4413 Comitem
677 4347 775 4430 cepit,
786 4368 847 4411 nec
863 4358 970 4411 tamen
984 4347 1134 4426 dignatus
1146 4355 1279 4412 osteum
