<?xml version="1.0" encoding="UTF-8"?>
<!DOCTYPE html PUBLIC "-//W3C//DTD XHTML 1.0 Transitional//EN"
    "http://www.w3.org/TR/xhtml1/DTD/xhtml1-transitional.dtd">
<html xmlns="http://www.w3.org/1999/xhtml" xml:lang="en" lang="en">
 <head>
  <title>
</title>
<meta http-equiv="Content-Type" content="text/html;charset=utf-8" />
  <meta name='ocr-system' content='tesseract 3.04.00' />
  <meta name='ocr-capabilities' content='ocr_page ocr_carea ocr_par ocr_line ocrx_word'/>
</head>
<body>
  <div class='ocr_page' id='page_1' title='image "./joannissaresber17johngoog_0042.png"; bbox 0 0 3550 5467; ppageno 0'>
   <div class='ocr_carea' id='block_1_1' title="bbox 528 693 1480 773">
    <p class='ocr_par' dir='ltr' id='par_1_1' title="bbox 528 693 1480 773">
     <span class='ocr_line' id='line_1_1' title="bbox 528 693 1480 773; baseline -0.005 -13"><span class='ocrx_word' id='word_1_1' title='bbox 528 701 571 760; x_wconf 72' lang='lat'><strong>39</strong></span> <span class='ocrx_word' id='word_1_2' title='bbox 787 711 922 756; x_wconf 73' lang='lat' dir='ltr'><strong>coruum</strong></span> <span class='ocrx_word' id='word_1_3' title='bbox 937 710 1216 755; x_wconf 75' lang='lat' dir='ltr'><strong>sanassnnrnusrs</strong></span> <span class='ocrx_word' id='word_1_4' title='bbox 1336 693 1420 773; x_wconf 82' lang='lat' dir='ltr'><strong>[cm.</strong></span> <span class='ocrx_word' id='word_1_5' title='bbox 1436 711 1480 757; x_wconf 87' lang='lat' dir='ltr'><strong>vr.</strong></span> 
     </span>
    </p>
   </div>
   <div class='ocr_carea' id='block_1_2' title="bbox 523 863 1481 2064">
    <p class='ocr_par' dir='ltr' id='par_1_2' title="bbox 523 863 1481 2064">
     <span class='ocr_line' id='line_1_2' title="bbox 528 863 1480 948; baseline 0 -18"><span class='ocrx_word' id='word_1_6' title='bbox 528 867 654 945; x_wconf 86' lang='lat' dir='ltr'><strong>ductos,</strong></span> <span class='ocrx_word' id='word_1_7' title='bbox 667 866 700 929; x_wconf 92' lang='lat' dir='ltr'><strong>in</strong></span> <span class='ocrx_word' id='word_1_8' title='bbox 717 875 893 948; x_wconf 87' lang='lat' dir='ltr'><strong>conspectu</strong></span> <span class='ocrx_word' id='word_1_9' title='bbox 909 864 1044 928; x_wconf 91' lang='lat' dir='ltr'><strong>militurn</strong></span> <span class='ocrx_word' id='word_1_10' title='bbox 1061 863 1163 928; x_wconf 88' lang='lat' dir='ltr'><strong>securi</strong></span> <span class='ocrx_word' id='word_1_11' title='bbox 1178 863 1345 946; x_wconf 85' lang='lat' dir='ltr'><strong>percussit</strong></span> <span class='ocrx_word' id='word_1_12' title='bbox 1387 865 1480 929; x_wconf 87' lang='lat' dir='ltr'><strong>Idem</strong></span> 
     </span>
     <span class='ocr_line' id='line_1_3' title="bbox 527 964 1481 1050; baseline 0.002 -20"><span class='ocrx_word' id='word_1_13' title='bbox 527 980 635 1030; x_wconf 88' lang='lat' dir='ltr'><strong>ternos</strong></span> <span class='ocrx_word' id='word_1_14' title='bbox 655 987 697 1030; x_wconf 87' lang='lat' dir='ltr'><strong>ex</strong></span> <span class='ocrx_word' id='word_1_15' title='bbox 717 965 879 1040; x_wconf 88' lang='lat' dir='ltr'><strong>centuriis,</strong></span> <span class='ocrx_word' id='word_1_16' title='bbox 894 986 1027 1049; x_wconf 89' lang='lat' dir='ltr'><strong>quarum</strong></span> <span class='ocrx_word' id='word_1_17' title='bbox 1049 964 1144 1028; x_wconf 85' lang='lat' dir='ltr'><strong>statio</strong></span> <span class='ocrx_word' id='word_1_18' title='bbox 1166 965 1207 1027; x_wconf 92' lang='lat' dir='ltr'><strong>ab</strong></span> <span class='ocrx_word' id='word_1_19' title='bbox 1222 964 1314 1027; x_wconf 88' lang='lat' dir='ltr'><strong>hoste</strong></span> <span class='ocrx_word' id='word_1_20' title='bbox 1329 977 1481 1050; x_wconf 82' lang='lat' dir='ltr'><strong>perrupta</strong></span> 
     </span>
     <span class='ocr_line' id='line_1_4' title="bbox 527 1062 1478 1143; baseline 0.002 -13"><span class='ocrx_word' id='word_1_21' title='bbox 527 1079 604 1143; x_wconf 91' lang='lat' dir='ltr'><strong>erat,</strong></span> <span class='ocrx_word' id='word_1_22' title='bbox 627 1068 755 1132; x_wconf 82' lang='lat' dir='ltr'><strong>addixit</strong></span> <span class='ocrx_word' id='word_1_23' title='bbox 775 1067 891 1130; x_wconf 87' lang='lat' dir='ltr'><strong>securi.</strong></span> <span class='ocrx_word' id='word_1_24' title='bbox 936 1067 976 1139; x_wconf 92' lang='lat' dir='ltr'><strong>Q.</strong></span> <span class='ocrx_word' id='word_1_25' title='bbox 999 1062 1118 1129; x_wconf 78' lang='lat' dir='ltr'><strong>Fabius</strong></span> <span class='ocrx_word' id='word_1_26' title='bbox 1142 1065 1321 1142; x_wconf 76' lang='lat' dir='ltr'><strong>Maximus,</strong></span> <span class='ocrx_word' id='word_1_27' title='bbox 1342 1068 1478 1132; x_wconf 83' lang='lat' dir='ltr'><strong>transtu·</strong></span> 
     </span>
     <span class='ocr_line' id='line_1_5' title="bbox 527 1165 1478 1251; baseline 0 -18"><span class='ocrx_word' id='word_1_28' title='bbox 527 1192 635 1251; x_wconf 86' lang='lat' dir='ltr'><strong>garum</strong></span> <span class='ocrx_word' id='word_1_29' title='bbox 658 1169 788 1233; x_wconf 82' lang='lat' dir='ltr'><strong>dextras</strong></span> <span class='ocrx_word' id='word_1_30' title='bbox 810 1167 964 1251; x_wconf 77' lang='lat' dir='ltr'><strong>praecidit.</strong></span> <span class='ocrx_word' id='word_1_31' title='bbox 1012 1170 1061 1231; x_wconf 89' lang='lat' dir='ltr'><strong>M.</strong></span> <span class='ocrx_word' id='word_1_32' title='bbox 1080 1168 1162 1232; x_wconf 86' lang='lat' dir='ltr'><strong>Cato</strong></span> <span class='ocrx_word' id='word_1_33' title='bbox 1185 1165 1317 1230; x_wconf 83' lang='lat' dir='ltr'><strong>tradidit</strong></span> <span class='ocrx_word' id='word_1_34' title='bbox 1337 1168 1372 1230; x_wconf 91' lang='lat' dir='ltr'><strong>in</strong></span> <span class='ocrx_word' id='word_1_35' title='bbox 1394 1170 1478 1233; x_wconf 81' lang='lat' dir='ltr'><strong>furto</strong></span> 
     </span>
     <span class='ocr_line' id='line_1_6' title="bbox 526 1269 1477 1354; baseline 0.002 -22"><span class='ocrx_word' id='word_1_36' title='bbox 526 1269 733 1354; x_wconf 90' lang='lat' dir='ltr'><strong>deprehensis</strong></span> <span class='ocrx_word' id='word_1_37' title='bbox 762 1272 843 1334; x_wconf 85' lang='lat' dir='ltr'><strong>inter</strong></span> <span class='ocrx_word' id='word_1_38' title='bbox 872 1271 1117 1347; x_wconf 87' lang='lat' dir='ltr'><strong>commilitones,</strong></span> <span class='ocrx_word' id='word_1_39' title='bbox 1141 1269 1271 1332; x_wconf 81' lang='lat' dir='ltr'><strong>dextras</strong></span> <span class='ocrx_word' id='word_1_40' title='bbox 1297 1291 1367 1333; x_wconf 84' lang='lat' dir='ltr'><strong>esse</strong></span> <span class='ocrx_word' id='word_1_41' title='bbox 1396 1291 1477 1353; x_wconf 81' lang='lat' dir='ltr'><strong>prae·</strong></span> 
     </span>
     <span class='ocr_line' id='line_1_7' title="bbox 526 1371 1476 1452; baseline 0.001 -16"><span class='ocrx_word' id='word_1_42' title='bbox 526 1373 618 1450; x_wconf 89' lang='lat' dir='ltr'><strong>cisas,</strong></span> <span class='ocrx_word' id='word_1_43' title='bbox 632 1384 687 1436; x_wconf 87' lang='lat' dir='ltr'><strong>aut</strong></span> <span class='ocrx_word' id='word_1_44' title='bbox 706 1373 733 1435; x_wconf 90' lang='lat' dir='ltr'><strong>si</strong></span> <span class='ocrx_word' id='word_1_45' title='bbox 753 1372 925 1452; x_wconf 85' lang='lat' dir='ltr'><strong>benignius</strong></span> <span class='ocrx_word' id='word_1_46' title='bbox 940 1372 974 1434; x_wconf 91' lang='lat' dir='ltr'><strong>in</strong></span> <span class='ocrx_word' id='word_1_47' title='bbox 990 1392 1076 1435; x_wconf 91' lang='lat' dir='ltr'><strong>reum</strong></span> <span class='ocrx_word' id='word_1_48' title='bbox 1092 1371 1343 1434; x_wconf 80' lang='lat' dir='ltr'><strong>animadvertere</strong></span> <span class='ocrx_word' id='word_1_49' title='bbox 1361 1374 1476 1437; x_wconf 79' lang='lat' dir='ltr'><strong>voluis·</strong></span> 
     </span>
     <span class='ocr_line' id='line_1_8' title="bbox 525 1473 1476 1559; baseline 0.002 -22"><span class='ocrx_word' id='word_1_50' title='bbox 525 1485 609 1552; x_wconf 87' lang='lat' dir='ltr'><strong>sent,</strong></span> <span class='ocrx_word' id='word_1_51' title='bbox 623 1475 656 1537; x_wconf 93' lang='lat' dir='ltr'><strong>in</strong></span> <span class='ocrx_word' id='word_1_52' title='bbox 672 1475 840 1558; x_wconf 81' lang='lat' dir='ltr'><strong>principiis</strong></span> <span class='ocrx_word' id='word_1_53' title='bbox 860 1475 1049 1555; x_wconf 91' lang='lat' dir='ltr'><strong>sanguinem</strong></span> <span class='ocrx_word' id='word_1_54' title='bbox 1070 1475 1212 1537; x_wconf 88' lang='lat' dir='ltr'><strong>missum.</strong></span> <span class='ocrx_word' id='word_1_55' title='bbox 1258 1473 1382 1537; x_wconf 87' lang='lat' dir='ltr'><strong>Seditio</strong></span> <span class='ocrx_word' id='word_1_56' title='bbox 1398 1498 1476 1559; x_wconf 87' lang='lat' dir='ltr'><strong>quo-</strong></span> 
     </span>
     <span class='ocr_line' id='line_1_9' title="bbox 525 1575 1476 1660; baseline 0.002 -21"><span class='ocrx_word' id='word_1_57' title='bbox 525 1598 588 1660; x_wconf 90' lang='lat' dir='ltr'><strong>que</strong></span> <span class='ocrx_word' id='word_1_58' title='bbox 605 1576 740 1639; x_wconf 90' lang='lat' dir='ltr'><strong>securim</strong></span> <span class='ocrx_word' id='word_1_59' title='bbox 756 1586 919 1659; x_wconf 81' lang='lat' dir='ltr'><strong>provocat,</strong></span> <span class='ocrx_word' id='word_1_60' title='bbox 933 1577 977 1638; x_wconf 87' lang='lat' dir='ltr'><strong>ita</strong></span> <span class='ocrx_word' id='word_1_61' title='bbox 991 1587 1098 1638; x_wconf 92' lang='lat' dir='ltr'><strong>tamen</strong></span> <span class='ocrx_word' id='word_1_62' title='bbox 1115 1587 1150 1637; x_wconf 90' lang='lat' dir='ltr'><strong>ut</strong></span> <span class='ocrx_word' id='word_1_63' title='bbox 1167 1596 1225 1658; x_wconf 90' lang='lat' dir='ltr'><strong>pro</strong></span> <span class='ocrx_word' id='word_1_64' title='bbox 1240 1575 1369 1639; x_wconf 86' lang='lat' dir='ltr'><strong>arbitrio</strong></span> <span class='ocrx_word' id='word_1_65' title='bbox 1385 1576 1476 1641; x_wconf 88' lang='lat' dir='ltr'><strong>ducis</strong></span> 
     </span>
     <span class='ocr_line' id='line_1_10' title="bbox 525 1677 1475 1762; baseline 0 -21"><span class='ocrx_word' id='word_1_66' title='bbox 525 1678 558 1741; x_wconf 92' lang='lat' dir='ltr'><strong>in</strong></span> <span class='ocrx_word' id='word_1_67' title='bbox 587 1699 686 1762; x_wconf 88' lang='lat' dir='ltr'><strong>poena</strong></span> <span class='ocrx_word' id='word_1_68' title='bbox 713 1699 900 1762; x_wconf 86' lang='lat' dir='ltr'><strong>paucorum,</strong></span> <span class='ocrx_word' id='word_1_69' title='bbox 926 1678 1079 1741; x_wconf 80' lang='lat' dir='ltr'><strong>securitas</strong></span> <span class='ocrx_word' id='word_1_70' title='bbox 1108 1690 1142 1741; x_wconf 89' lang='lat' dir='ltr'><strong>et</strong></span> <span class='ocrx_word' id='word_1_71' title='bbox 1170 1678 1261 1761; x_wconf 89' lang='lat' dir='ltr'><strong>quies</strong></span> <span class='ocrx_word' id='word_1_72' title='bbox 1290 1677 1475 1760; x_wconf 79' lang='lat' dir='ltr'><strong>reipublicae</strong></span> 
     </span>
     <span class='ocr_line' id='line_1_11' title="bbox 523 1777 1475 1854; baseline 0.001 -12"><span class='ocrx_word' id='word_1_73' title='bbox 523 1780 717 1844; x_wconf 85' lang='lat' dir='ltr'><strong>reformetur.</strong></span> <span class='ocrx_word' id='word_1_74' title='bbox 769 1780 875 1842; x_wconf 91' lang='lat' dir='ltr'><strong>Julius</strong></span> <span class='ocrx_word' id='word_1_75' title='bbox 902 1779 1011 1842; x_wconf 91' lang='lat' dir='ltr'><strong>Caesar</strong></span> <span class='ocrx_word' id='word_1_76' title='bbox 1040 1791 1109 1842; x_wconf 84' lang='lat' dir='ltr'><strong>orla</strong></span> <span class='ocrx_word' id='word_1_77' title='bbox 1138 1777 1297 1841; x_wconf 87' lang='lat' dir='ltr'><strong>seditione</strong></span> <span class='ocrx_word' id='word_1_78' title='bbox 1327 1778 1475 1854; x_wconf 86' lang='lat' dir='ltr'><strong>militum,</strong></span> 
     </span>
     <span class='ocr_line' id='line_1_12' title="bbox 524 1879 1474 1966; baseline -0.001 -21"><span class='ocrx_word' id='word_1_79' title='bbox 524 1883 635 1966; x_wconf 90' lang='lat' dir='ltr'><strong>paucis</strong></span> <span class='ocrx_word' id='word_1_80' title='bbox 664 1881 834 1964; x_wconf 86' lang='lat' dir='ltr'><strong>percussis,</strong></span> <span class='ocrx_word' id='word_1_81' title='bbox 864 1894 969 1944; x_wconf 89' lang='lat' dir='ltr'><strong>castra</strong></span> <span class='ocrx_word' id='word_1_82' title='bbox 998 1881 1128 1944; x_wconf 87' lang='lat' dir='ltr'><strong>sedasse</strong></span> <span class='ocrx_word' id='word_1_83' title='bbox 1157 1880 1286 1962; x_wconf 90' lang='lat' dir='ltr'><strong>legitur,</strong></span> <span class='ocrx_word' id='word_1_84' title='bbox 1315 1891 1349 1944; x_wconf 92' lang='lat' dir='ltr'><strong>et</strong></span> <span class='ocrx_word' id='word_1_85' title='bbox 1377 1879 1474 1944; x_wconf 86' lang='lat' dir='ltr'><strong>fidem</strong></span> 
     </span>
     <span class='ocr_line' id='line_1_13' title="bbox 523 1982 848 2064; baseline -0.003 -21"><span class='ocrx_word' id='word_1_86' title='bbox 523 1982 659 2044; x_wconf 92' lang='lat' dir='ltr'><strong>militum</strong></span> <span class='ocrx_word' id='word_1_87' title='bbox 675 2001 848 2064; x_wconf 85' lang='lat' dir='ltr'><strong>reparasse.</strong></span> 
     </span>
    </p>
   </div>
   <div class='ocr_carea' id='block_1_3' title="bbox 525 2253 1476 2543">
    <p class='ocr_par' dir='ltr' id='par_1_3' title="bbox 525 2253 1476 2543">
     <span class='ocr_line' id='line_1_14' title="bbox 525 2253 1476 2341; baseline 0.004 -24"><span class='ocrx_word' id='word_1_88' title='bbox 525 2254 604 2337; x_wconf 89' lang='lat' dir='ltr'><strong>Cap.</strong></span> <span class='ocrx_word' id='word_1_89' title='bbox 624 2258 672 2317; x_wconf 74' lang='lat'><strong>12.</strong></span> <span class='ocrx_word' id='word_1_90' title='bbox 698 2253 807 2322; x_wconf 83' lang='lat' dir='ltr'><strong>Quare</strong></span> <span class='ocrx_word' id='word_1_91' title='bbox 832 2257 964 2337; x_wconf 71' lang='lat' dir='ltr'><strong>cingulo</strong></span> <span class='ocrx_word' id='word_1_92' title='bbox 987 2258 1161 2338; x_wconf 70' lang='lat' dir='ltr'><strong>priventur</strong></span> <span class='ocrx_word' id='word_1_93' title='bbox 1181 2258 1313 2335; x_wconf 81' lang='lat' dir='ltr'><strong>milites,</strong></span> <span class='ocrx_word' id='word_1_94' title='bbox 1336 2263 1369 2320; x_wconf 89' lang='lat' dir='ltr'><strong>et</strong></span> <span class='ocrx_word' id='word_1_95' title='bbox 1390 2257 1476 2341; x_wconf 79' lang='lat' dir='ltr'><strong>quod</strong></span> 
     </span>
     <span class='ocr_line' id='line_1_15' title="bbox 540 2356 1474 2441; baseline 0.005 -25"><span class='ocrx_word' id='word_1_96' title='bbox 540 2360 549 2378; x_wconf 82' lang='lat'>⁸</span> <span class='ocrx_word' id='word_1_97' title='bbox 566 2363 800 2418; x_wconf 72' lang='lat' dir='ltr'><strong>exauctoratus</strong></span> <span class='ocrx_word' id='word_1_98' title='bbox 815 2377 878 2419; x_wconf 84' lang='lat' dir='ltr'><strong>nou</strong></span> <span class='ocrx_word' id='word_1_99' title='bbox 894 2356 989 2420; x_wconf 79' lang='lat' dir='ltr'><strong>tradet</strong></span> <span class='ocrx_word' id='word_1_100' title='bbox 1005 2359 1139 2441; x_wconf 83' lang='lat' dir='ltr'><strong>aliquod</strong></span> <span class='ocrx_word' id='word_1_101' title='bbox 1157 2379 1230 2421; x_wconf 88' lang='lat' dir='ltr'><strong>cum</strong></span> <span class='ocrx_word' id='word_1_102' title='bbox 1249 2358 1362 2439; x_wconf 74' lang='lat' dir='ltr'><strong>plodio</strong></span> <span class='ocrx_word' id='word_1_103' title='bbox 1377 2360 1474 2421; x_wconf 89' lang='lat' dir='ltr'><strong>tetooe</strong></span> 
     </span>
     <span class='ocr_line' id='line_1_16' title="bbox 565 2459 1473 2543; baseline 0.004 -25"><span class='ocrx_word' id='word_1_104' title='bbox 565 2460 802 2533; x_wconf 63' lang='lat' dir='ltr'><strong>continentum,</strong></span> <span class='ocrx_word' id='word_1_105' title='bbox 811 2467 842 2520; x_wconf 90' lang='lat' dir='ltr'><strong>et</strong></span> <span class='ocrx_word' id='word_1_106' title='bbox 858 2477 959 2543; x_wconf 85' lang='lat' dir='ltr'><strong>quare</strong></span> <span class='ocrx_word' id='word_1_107' title='bbox 971 2459 1103 2541; x_wconf 69' lang='lat' dir='ltr'><strong>gladius</strong></span> <span class='ocrx_word' id='word_1_108' title='bbox 1118 2460 1259 2522; x_wconf 83' lang='lat' dir='ltr'><strong>insertus</strong></span> <span class='ocrx_word' id='word_1_109' title='bbox 1273 2468 1320 2522; x_wconf 85' lang='lat' dir='ltr'><strong>est</strong></span> <span class='ocrx_word' id='word_1_110' title='bbox 1335 2462 1473 2542; x_wconf 69' lang='lat' dir='ltr'><strong>cingulo.</strong></span> 
     </span>
    </p>
   </div>
   <div class='ocr_carea' id='block_1_4' title="bbox 515 2591 1475 4410">
    <p class='ocr_par' dir='ltr' id='par_1_4' title="bbox 515 2591 1475 4410">
     <span class='ocr_line' id='line_1_17' title="bbox 566 2591 1474 2679; baseline 0.006 -24"><span class='ocrx_word' id='word_1_111' title='bbox 566 2593 628 2655; x_wconf 81' lang='lat' dir='ltr'><strong>Frr</strong></span> <span class='ocrx_word' id='word_1_112' title='bbox 658 2592 815 2655; x_wconf 91' lang='lat' dir='ltr'><strong>interdum</strong></span> <span class='ocrx_word' id='word_1_113' title='bbox 845 2603 881 2655; x_wconf 91' lang='lat' dir='ltr'><strong>ut</strong></span> <span class='ocrx_word' id='word_1_114' title='bbox 910 2614 952 2656; x_wconf 86' lang='lat' dir='ltr'><strong>ex</strong></span> <span class='ocrx_word' id='word_1_115' title='bbox 979 2591 1096 2657; x_wconf 87' lang='lat' dir='ltr'><strong>delicto</strong></span> <span class='ocrx_word' id='word_1_116' title='bbox 1125 2616 1185 2657; x_wconf 91' lang='lat' dir='ltr'><strong>suo</strong></span> <span class='ocrx_word' id='word_1_117' title='bbox 1214 2596 1355 2679; x_wconf 85' lang='lat' dir='ltr'><strong>privetur</strong></span> <span class='ocrx_word' id='word_1_118' title='bbox 1383 2597 1474 2661; x_wconf 88' lang='lat' dir='ltr'><strong>miles</strong></span> 
     </span>
     <span class='ocr_line' id='line_1_18' title="bbox 522 2694 1475 2779; baseline 0.004 -20"><span class='ocrx_word' id='word_1_119' title='bbox 522 2695 643 2759; x_wconf 76' lang='lat' dir='ltr'><strong>militiae</strong></span> <span class='ocrx_word' id='word_1_120' title='bbox 667 2695 806 2776; x_wconf 89' lang='lat' dir='ltr'><strong>cingulo,</strong></span> <span class='ocrx_word' id='word_1_121' title='bbox 828 2696 860 2758; x_wconf 89' lang='lat' dir='ltr'><strong>iu</strong></span> <span class='ocrx_word' id='word_1_122' title='bbox 884 2694 936 2758; x_wconf 89' lang='lat' dir='ltr'><strong>his</strong></span> <span class='ocrx_word' id='word_1_123' title='bbox 958 2697 1107 2771; x_wconf 84' lang='lat' dir='ltr'><strong>maxime,</strong></span> <span class='ocrx_word' id='word_1_124' title='bbox 1122 2698 1177 2760; x_wconf 93' lang='lat' dir='ltr'><strong>ubi</strong></span> <span class='ocrx_word' id='word_1_125' title='bbox 1201 2698 1367 2779; x_wconf 89' lang='lat' dir='ltr'><strong>sacrilegia</strong></span> <span class='ocrx_word' id='word_1_126' title='bbox 1388 2721 1475 2763; x_wconf 90' lang='lat' dir='ltr'><strong>com·</strong></span> 
     </span>
     <span class='ocr_line' id='line_1_19' title="bbox 521 2798 1473 2881; baseline 0.004 -21"><span class='ocrx_word' id='word_1_127' title='bbox 521 2798 697 2861; x_wconf 85' lang='lat' dir='ltr'><strong>mittuntur.</strong></span> <span class='ocrx_word' id='word_1_128' title='bbox 744 2798 851 2860; x_wconf 85' lang='lat' dir='ltr'><strong>Veteri</strong></span> <span class='ocrx_word' id='word_1_129' title='bbox 866 2819 1004 2880; x_wconf 90' lang='lat' dir='ltr'><strong>namque</strong></span> <span class='ocrx_word' id='word_1_130' title='bbox 1015 2798 1087 2881; x_wconf 90' lang='lat' dir='ltr'><strong>jure</strong></span> <span class='ocrx_word' id='word_1_131' title='bbox 1104 2810 1255 2862; x_wconf 88' lang='lat' dir='ltr'><strong>statutum</strong></span> <span class='ocrx_word' id='word_1_132' title='bbox 1271 2812 1330 2878; x_wconf 87' lang='lat' dir='ltr'><strong>est,</strong></span> <span class='ocrx_word' id='word_1_133' title='bbox 1341 2811 1374 2864; x_wconf 89' lang='lat' dir='ltr'><strong>et</strong></span> <span class='ocrx_word' id='word_1_134' title='bbox 1389 2823 1473 2865; x_wconf 83' lang='lat' dir='ltr'><strong>noro</strong></span> 
     </span>
     <span class='ocr_line' id='line_1_20' title="bbox 522 2900 1474 2982; baseline 0.005 -20"><span class='ocrx_word' id='word_1_135' title='bbox 522 2921 587 2962; x_wconf 90' lang='lat' dir='ltr'><strong>non</strong></span> <span class='ocrx_word' id='word_1_136' title='bbox 611 2911 661 2963; x_wconf 89' lang='lat' dir='ltr'><strong>est</strong></span> <span class='ocrx_word' id='word_1_137' title='bbox 681 2900 846 2975; x_wconf 87' lang='lat' dir='ltr'><strong>abolitum,</strong></span> <span class='ocrx_word' id='word_1_138' title='bbox 861 2910 896 2961; x_wconf 85' lang='lat' dir='ltr'><strong>ut</strong></span> <span class='ocrx_word' id='word_1_139' title='bbox 912 2900 967 2982; x_wconf 91' lang='lat' dir='ltr'><strong>qui</strong></span> <span class='ocrx_word' id='word_1_140' title='bbox 990 2921 1054 2962; x_wconf 91' lang='lat' dir='ltr'><strong>oon</strong></span> <span class='ocrx_word' id='word_1_141' title='bbox 1078 2914 1200 2964; x_wconf 81' lang='lat' dir='ltr'><strong>serrato</strong></span> <span class='ocrx_word' id='word_1_142' title='bbox 1222 2903 1345 2965; x_wconf 85' lang='lat' dir='ltr'><strong>militiae</strong></span> <span class='ocrx_word' id='word_1_143' title='bbox 1368 2925 1474 2967; x_wconf 88' lang='lat' dir='ltr'><strong>sacra·</strong></span> 
     </span>
     <span class='ocr_line' id='line_1_21' title="bbox 521 3001 1473 3087; baseline 0.004 -23"><span class='ocrx_word' id='word_1_144' title='bbox 521 3013 641 3078; x_wconf 87' lang='lat' dir='ltr'><strong>mento,</strong></span> <span class='ocrx_word' id='word_1_145' title='bbox 654 3001 839 3082; x_wconf 83' lang='lat' dir='ltr'><strong>religionem</strong></span> <span class='ocrx_word' id='word_1_146' title='bbox 856 3022 950 3084; x_wconf 89' lang='lat' dir='ltr'><strong>quarn</strong></span> <span class='ocrx_word' id='word_1_147' title='bbox 969 3003 1145 3085; x_wconf 88' lang='lat' dir='ltr'><strong>profitetur,</strong></span> <span class='ocrx_word' id='word_1_148' title='bbox 1160 3004 1339 3086; x_wconf 86' lang='lat' dir='ltr'><strong>impugnat,</strong></span> <span class='ocrx_word' id='word_1_149' title='bbox 1351 3005 1473 3087; x_wconf 85' lang='lat' dir='ltr'><strong>cinguli</strong></span> 
     </span>
     <span class='ocr_line' id='line_1_22' title="bbox 521 3102 1473 3170; baseline 0.003 -3"><span class='ocrx_word' id='word_1_150' title='bbox 521 3103 693 3167; x_wconf 87' lang='lat' dir='ltr'><strong>amissione</strong></span> <span class='ocrx_word' id='word_1_151' title='bbox 709 3104 887 3166; x_wconf 90' lang='lat' dir='ltr'><strong>mulctetur.</strong></span> <span class='ocrx_word' id='word_1_152' title='bbox 933 3102 1045 3167; x_wconf 85' lang='lat' dir='ltr'><strong>Fertur</strong></span> <span class='ocrx_word' id='word_1_153' title='bbox 1065 3103 1126 3167; x_wconf 88' lang='lat' dir='ltr'><strong>hoc</strong></span> <span class='ocrx_word' id='word_1_154' title='bbox 1143 3104 1249 3167; x_wconf 90' lang='lat' dir='ltr'><strong>edicto</strong></span> <span class='ocrx_word' id='word_1_155' title='bbox 1263 3106 1371 3169; x_wconf 91' lang='lat' dir='ltr'><strong>Julius</strong></span> <span class='ocrx_word' id='word_1_156' title='bbox 1385 3127 1473 3170; x_wconf 89' lang='lat' dir='ltr'><strong>com·</strong></span> 
     </span>
     <span class='ocr_line' id='line_1_23' title="bbox 521 3204 1474 3291; baseline 0.003 -21"><span class='ocrx_word' id='word_1_157' title='bbox 521 3206 684 3291; x_wconf 89' lang='lat' dir='ltr'><strong>pescuisse</strong></span> <span class='ocrx_word' id='word_1_158' title='bbox 713 3204 848 3268; x_wconf 84' lang='lat' dir='ltr'><strong>militem</strong></span> <span class='ocrx_word' id='word_1_159' title='bbox 879 3227 983 3284; x_wconf 91' lang='lat' dir='ltr'><strong>suum,</strong></span> <span class='ocrx_word' id='word_1_160' title='bbox 1009 3207 1139 3291; x_wconf 89' lang='lat' dir='ltr'><strong>qnando</strong></span> <span class='ocrx_word' id='word_1_161' title='bbox 1169 3209 1279 3270; x_wconf 89' lang='lat' dir='ltr'><strong>urbem</strong></span> <span class='ocrx_word' id='word_1_162' title='bbox 1310 3209 1474 3289; x_wconf 86' lang='lat' dir='ltr'><strong>ingressis,</strong></span> 
     </span>
     <span class='ocr_line' id='line_1_24' title="bbox 520 3307 1474 3393; baseline 0.004 -19"><span class='ocrx_word' id='word_1_163' title='bbox 520 3333 586 3374; x_wconf 90' lang='lat' dir='ltr'><strong>non</strong></span> <span class='ocrx_word' id='word_1_164' title='bbox 615 3310 708 3371; x_wconf 88' lang='lat' dir='ltr'><strong>licuit</strong></span> <span class='ocrx_word' id='word_1_165' title='bbox 737 3307 882 3371; x_wconf 86' lang='lat' dir='ltr'><strong>homines</strong></span> <span class='ocrx_word' id='word_1_166' title='bbox 912 3312 1060 3393; x_wconf 89' lang='lat' dir='ltr'><strong>spoliare,</strong></span> <span class='ocrx_word' id='word_1_167' title='bbox 1086 3323 1139 3373; x_wconf 87' lang='lat' dir='ltr'><strong>aut</strong></span> <span class='ocrx_word' id='word_1_168' title='bbox 1168 3312 1288 3393; x_wconf 88' lang='lat' dir='ltr'><strong>templa</strong></span> <span class='ocrx_word' id='word_1_169' title='bbox 1318 3314 1474 3392; x_wconf 89' lang='lat' dir='ltr'><strong>Deorum,</strong></span> 
     </span>
     <span class='ocr_line' id='line_1_25' title="bbox 521 3408 1473 3496; baseline 0.005 -24"><span class='ocrx_word' id='word_1_170' title='bbox 521 3409 609 3494; x_wconf 92' lang='lat' dir='ltr'><strong>quod</strong></span> <span class='ocrx_word' id='word_1_171' title='bbox 631 3409 660 3471; x_wconf 95' lang='lat' dir='ltr'><strong>ei</strong></span> <span class='ocrx_word' id='word_1_172' title='bbox 682 3408 886 3492; x_wconf 88' lang='lat' dir='ltr'><strong>postmodum</strong></span> <span class='ocrx_word' id='word_1_173' title='bbox 910 3410 1148 3490; x_wconf 79' lang='lat' dir='ltr'><strong>ingrauescente</strong></span> <span class='ocrx_word' id='word_1_174' title='bbox 1171 3409 1328 3472; x_wconf 90' lang='lat' dir='ltr'><strong>seditione</strong></span> <span class='ocrx_word' id='word_1_175' title='bbox 1352 3411 1473 3496; x_wconf 86' lang='lat' dir='ltr'><strong>impro-</strong></span> 
     </span>
     <span class='ocr_line' id='line_1_26' title="bbox 520 3510 1472 3600; baseline 0.006 -26"><span class='ocrx_word' id='word_1_176' title='bbox 520 3520 645 3596; x_wconf 86' lang='lat' dir='ltr'><strong>perant.</strong></span> <span class='ocrx_word' id='word_1_177' title='bbox 705 3510 899 3575; x_wconf 90' lang='lat' dir='ltr'><strong>Numinibus</strong></span> <span class='ocrx_word' id='word_1_178' title='bbox 929 3532 1067 3594; x_wconf 86' lang='lat' dir='ltr'><strong>namque</strong></span> <span class='ocrx_word' id='word_1_179' title='bbox 1098 3511 1253 3573; x_wconf 87' lang='lat' dir='ltr'><strong>Romania</strong></span> <span class='ocrx_word' id='word_1_180' title='bbox 1283 3512 1472 3600; x_wconf 80' lang='lat' dir='ltr'><strong>civibusque</strong></span> 
     </span>
     <span class='ocr_line' id='line_1_27' title="bbox 515 3611 1471 3697; baseline 0.005 -22"><span class='ocrx_word' id='word_1_181' title='bbox 515 3611 624 3697; x_wconf 90' lang='lat' dir='ltr'><strong>jurati,</strong></span> <span class='ocrx_word' id='word_1_182' title='bbox 653 3631 840 3696; x_wconf 86' lang='lat' dir='ltr'><strong>oppugnare</strong></span> <span class='ocrx_word' id='word_1_183' title='bbox 869 3634 935 3675; x_wconf 91' lang='lat' dir='ltr'><strong>non</strong></span> <span class='ocrx_word' id='word_1_184' title='bbox 969 3622 1125 3695; x_wconf 88' lang='lat' dir='ltr'><strong>poterant,</strong></span> <span class='ocrx_word' id='word_1_185' title='bbox 1155 3633 1237 3695; x_wconf 93' lang='lat' dir='ltr'><strong>quos</strong></span> <span class='ocrx_word' id='word_1_186' title='bbox 1271 3630 1471 3680; x_wconf 84' lang='lat' dir='ltr'><strong>sacramento</strong></span> 
     </span>
     <span class='ocr_line' id='line_1_28' title="bbox 520 3711 1468 3802; baseline 0.007 -26"><span class='ocrx_word' id='word_1_187' title='bbox 520 3714 641 3777; x_wconf 86' lang='lat' dir='ltr'><strong>militiae</strong></span> <span class='ocrx_word' id='word_1_188' title='bbox 671 3726 878 3798; x_wconf 85' lang='lat' dir='ltr'><strong>susceperant</strong></span> <span class='ocrx_word' id='word_1_189' title='bbox 906 3711 1136 3776; x_wconf 86' lang='lat' dir='ltr'><strong>defendendos.</strong></span> <span class='ocrx_word' id='word_1_190' title='bbox 1192 3715 1244 3779; x_wconf 86' lang='lat' dir='ltr'><strong>Sic</strong></span> <span class='ocrx_word' id='word_1_191' title='bbox 1276 3740 1402 3802; x_wconf 89' lang='lat' dir='ltr'><strong>quoque</strong></span> <span class='ocrx_word' id='word_1_192' title='bbox 1431 3721 1468 3784; x_wconf 89' lang='lat' dir='ltr'><strong>C.</strong></span> 
     </span>
     <span class='ocr_line' id='line_1_29' title="bbox 519 3812 1470 3900; baseline 0.003 -21"><span class='ocrx_word' id='word_1_193' title='bbox 519 3815 619 3880; x_wconf 91' lang='lat' dir='ltr'><strong>Curio</strong></span> <span class='ocrx_word' id='word_1_194' title='bbox 630 3816 714 3878; x_wconf 94' lang='lat' dir='ltr'><strong>bello</strong></span> <span class='ocrx_word' id='word_1_195' title='bbox 729 3813 911 3876; x_wconf 89' lang='lat' dir='ltr'><strong>Dardanico</strong></span> <span class='ocrx_word' id='word_1_196' title='bbox 930 3812 1015 3876; x_wconf 89' lang='lat' dir='ltr'><strong>circa</strong></span> <span class='ocrx_word' id='word_1_197' title='bbox 1030 3814 1252 3896; x_wconf 76' lang='lat' dir='ltr'><strong>Dyrrachium,</strong></span> <span class='ocrx_word' id='word_1_198' title='bbox 1262 3839 1360 3900; x_wconf 92' lang='lat' dir='ltr'><strong>quum</strong></span> <span class='ocrx_word' id='word_1_199' title='bbox 1372 3840 1470 3882; x_wconf 89' lang='lat' dir='ltr'><strong>uuam</strong></span> 
     </span>
     <span class='ocr_line' id='line_1_30' title="bbox 519 3915 1470 4003; baseline 0.002 -22"><span class='ocrx_word' id='word_1_200' title='bbox 519 3918 561 3981; x_wconf 92' lang='lat' dir='ltr'><strong>de</strong></span> <span class='ocrx_word' id='word_1_201' title='bbox 576 3918 718 4002; x_wconf 87' lang='lat' dir='ltr'><strong>quinque</strong></span> <span class='ocrx_word' id='word_1_202' title='bbox 740 3915 919 3996; x_wconf 87' lang='lat' dir='ltr'><strong>legionibus</strong></span> <span class='ocrx_word' id='word_1_203' title='bbox 942 3915 1125 3978; x_wconf 90' lang='lat' dir='ltr'><strong>seditiosam</strong></span> <span class='ocrx_word' id='word_1_204' title='bbox 1148 3917 1286 3992; x_wconf 78' lang='lat' dir='ltr'><strong>vidisset,</strong></span> <span class='ocrx_word' id='word_1_205' title='bbox 1303 3942 1371 3982; x_wconf 92' lang='lat' dir='ltr'><strong>eam</strong></span> <span class='ocrx_word' id='word_1_206' title='bbox 1395 3943 1470 4003; x_wconf 90' lang='lat' dir='ltr'><strong>pro·</strong></span> 
     </span>
     <span class='ocr_line' id='line_1_31' title="bbox 518 4015 1470 4106; baseline 0.002 -21"><span class='ocrx_word' id='word_1_207' title='bbox 518 4020 633 4085; x_wconf 90' lang='lat' dir='ltr'><strong>cedere</strong></span> <span class='ocrx_word' id='word_1_208' title='bbox 658 4018 757 4103; x_wconf 86' lang='lat' dir='ltr'><strong>jussit</strong></span> <span class='ocrx_word' id='word_1_209' title='bbox 784 4018 948 4091; x_wconf 89' lang='lat' dir='ltr'><strong>inermem,</strong></span> <span class='ocrx_word' id='word_1_210' title='bbox 970 4015 1214 4103; x_wconf 83' lang='lat' dir='ltr'><strong>decinctamque</strong></span> <span class='ocrx_word' id='word_1_211' title='bbox 1238 4021 1269 4082; x_wconf 92' lang='lat' dir='ltr'><strong>in</strong></span> <span class='ocrx_word' id='word_1_212' title='bbox 1293 4036 1470 4106; x_wconf 89' lang='lat' dir='ltr'><strong>conspectu</strong></span> 
     </span>
     <span class='ocr_line' id='line_1_32' title="bbox 517 4117 1468 4202; baseline 0.002 -15"><span class='ocrx_word' id='word_1_213' title='bbox 517 4121 629 4187; x_wconf 79' lang='lat' dir='ltr'><strong>armati</strong></span> <span class='ocrx_word' id='word_1_214' title='bbox 645 4117 803 4182; x_wconf 87' lang='lat' dir='ltr'><strong>exercitus</strong></span> <span class='ocrx_word' id='word_1_215' title='bbox 825 4126 1000 4180; x_wconf 87' lang='lat' dir='ltr'><strong>stramenta</strong></span> <span class='ocrx_word' id='word_1_216' title='bbox 1015 4121 1121 4202; x_wconf 90' lang='lat' dir='ltr'><strong>coegit</strong></span> <span class='ocrx_word' id='word_1_217' title='bbox 1140 4143 1257 4186; x_wconf 85' lang='lat' dir='ltr'><strong>secare.</strong></span> <span class='ocrx_word' id='word_1_218' title='bbox 1302 4124 1468 4190; x_wconf 87' lang='lat' dir='ltr'><strong>Postremo</strong></span> 
     </span>
     <span class='ocr_line' id='line_1_33' title="bbox 518 4217 1470 4306; baseline 0.003 -19"><span class='ocrx_word' id='word_1_219' title='bbox 518 4236 624 4287; x_wconf 88' lang='lat' dir='ltr'><strong>autem</strong></span> <span class='ocrx_word' id='word_1_220' title='bbox 647 4219 700 4283; x_wconf 93' lang='lat' dir='ltr'><strong>die</strong></span> <span class='ocrx_word' id='word_1_221' title='bbox 723 4217 866 4280; x_wconf 88' lang='lat' dir='ltr'><strong>similiter</strong></span> <span class='ocrx_word' id='word_1_222' title='bbox 890 4219 1005 4282; x_wconf 84' lang='lat' dir='ltr'><strong>fossam</strong></span> <span class='ocrx_word' id='word_1_223' title='bbox 1031 4221 1208 4285; x_wconf 85' lang='lat' dir='ltr'><strong>discinctos</strong></span> <span class='ocrx_word' id='word_1_224' title='bbox 1224 4225 1340 4288; x_wconf 88' lang='lat' dir='ltr'><strong>milites</strong></span> <span class='ocrx_word' id='word_1_225' title='bbox 1355 4228 1470 4306; x_wconf 83' lang='lat' dir='ltr'><strong>facere,</strong></span> 
     </span>
     <span class='ocr_line' id='line_1_34' title="bbox 517 4319 1468 4410; baseline 0.004 -24"><span class='ocrx_word' id='word_1_226' title='bbox 517 4325 678 4407; x_wconf 86' lang='lat' dir='ltr'><strong>nullisque</strong></span> <span class='ocrx_word' id='word_1_227' title='bbox 701 4319 851 4405; x_wconf 84' lang='lat' dir='ltr'><strong>precibus</strong></span> <span class='ocrx_word' id='word_1_228' title='bbox 877 4321 1014 4404; x_wconf 88' lang='lat' dir='ltr'><strong>legionis</strong></span> <span class='ocrx_word' id='word_1_229' title='bbox 1040 4325 1198 4407; x_wconf 86' lang='lat' dir='ltr'><strong>impetrari</strong></span> <span class='ocrx_word' id='word_1_230' title='bbox 1224 4329 1263 4389; x_wconf 84' lang='lat' dir='ltr'><strong>ab</strong></span> <span class='ocrx_word' id='word_1_231' title='bbox 1289 4348 1328 4389; x_wconf 92' lang='lat' dir='ltr'><strong>eo</strong></span> <span class='ocrx_word' id='word_1_232' title='bbox 1352 4330 1468 4410; x_wconf 87' lang='lat' dir='ltr'><strong>potuit,</strong></span> 
     </span>
    </p>
   </div>
   <div class='ocr_carea' id='block_1_5' title="bbox 0 0 1780 5467">
    <p class='ocr_par' dir='ltr' id='par_1_5' title="bbox 0 0 1780 5467">
     <span class='ocr_line' id='line_1_35' title="bbox 0 0 1780 5467; baseline 0 4"><span class='ocrx_word' id='word_1_233' title='bbox 0 0 1780 5467; x_wconf 95' lang='lat' dir='ltr'><strong> </strong></span> 
     </span>
    </p>
   </div>
  </div>
 </body>
</html>
