3550 5467
405 744 471 803 298
652 751 789 800 sossius
802 752 1089 800 sanssnamsusrs
1204 735 1290 817 [us.
1304 756 1368 801 uu.

407 927 538 995 quoque
553 903 782 971 Callisthenem
792 903 972 969 auditorem
982 928 1082 969 suum
1095 905 1140 970 ad
1151 906 1366 972 Alexandrum

408 1012 546 1081 mittens,
562 1005 707 1070 hortatus
721 1019 782 1082 est,
798 1018 836 1070 ut
849 1027 922 1070 cum
937 1029 979 1070 eo
990 1029 1177 1094 nunquam,
1187 1011 1366 1096 autjucun·

407 1107 535 1172 dissime
549 1107 745 1191 loqueretur,
762 1129 828 1192 quo
842 1105 963 1171 scilicet
984 1108 1076 1192 apud
1093 1109 1205 1194 regias
1217 1131 1309 1174 aurea
1321 1110 1366 1173 vel

408 1208 533 1273 silentio
543 1207 654 1286 tutior,
666 1207 717 1270 vel
728 1227 870 1270 sermone
880 1220 964 1271 esset
976 1208 1154 1294 acceptior.
1177 1214 1225 1275 At
1235 1210 1366 1276 illedum

409 1308 626 1377 Alexandrum
646 1311 774 1373 Persica
788 1306 980 1372 salutatione
993 1310 1200 1375 exultantem
1210 1312 1365 1398 objurgat,

409 1425 442 1478 et
472 1435 576 1476 mores
596 1413 667 1498 ejus
688 1410 796 1476 studet
818 1432 1021 1495 componere,
1044 1412 1116 1477 vita
1136 1414 1287 1498 privatus
1311 1427 1365 1481 est

411 1515 503 1580 ldem
520 1512 709 1578 Aristoteles
722 1511 763 1575 de
777 1512 948 1598 semetipso
962 1515 995 1576 in
1011 1528 1161 1579 neutram
1183 1530 1307 1602 partem
1323 1518 1366 1582 lo

410 1614 574 1701 quendum
597 1638 664 1679 esse
685 1614 822 1687 dicebat,
843 1616 995 1700 quoniam
1016 1615 1153 1680 laudare
1176 1640 1212 1681 se
1234 1620 1317 1697 vani,
1337 1633 1367 1684 et

412 1720 595 1804 vituperare
606 1715 813 1793 se,stultiest.
835 1714 1285 1803 Agesilausquumadsersus
1293 1743 1367 1784 rem·

414 1820 574 1907 publicam
588 1818 899 1884 lacedemoniorum
911 1829 1015 1882 ortam
1027 1819 1221 1885 seditionem
1230 1822 1272 1887 de
1281 1836 1367 1887 nocte

413 1921 631 2007 comperisset,
654 1919 734 2006 legis
753 1920 895 2004 Lycurgi
916 1921 1071 1985 continuo
1093 1924 1278 2009 abrogavit,
1299 1947 1369 2010 que

413 2023 454 2087 de
476 2021 667 2087 indemnatis
689 2022 881 2108 supplicium
904 2023 987 2086 sumi
1009 2024 1175 2090 vetabant.
1223 2029 1369 2113 (lompre-

414 2123 519 2186 heusis
530 2136 637 2188 autern
653 2136 685 2188 et
698 2124 873 2189 interfectis
886 2124 1044 2202 sontibus,
1059 2149 1078 2189 e
1094 2129 1234 2212 vestigio
1247 2129 1368 2194 easdem

414 2223 566 2299 restituit,
599 2222 694 2286 simul
726 2238 901 2308 utrumque
936 2224 1122 2310 providens,
1151 2249 1195 2292 ne
1228 2230 1368 2294 salutaria

414 2323 646 2389 animadversio
668 2323 718 2386 vel
740 2325 863 2410 injusta
876 2323 969 2406 esset,
985 2325 1036 2390 vel
1053 2329 1131 2414 jure
1153 2332 1367 2416 impediretur.

417 2425 592 2504 Hannibal,
606 2425 710 2490 navali
732 2426 844 2511 praelio
859 2428 972 2502 rictus,
988 2429 1106 2496 timens
1123 2432 1250 2497 amissae
1269 2433 1369 2497 classis

417 2550 530 2618 poeuas
550 2528 639 2604 dare,
660 2528 812 2592 offensam
834 2534 952 2595 avertit
970 2533 1103 2597 astutia.
1149 2534 1235 2598 Nam
1258 2557 1299 2599 ex
1318 2534 1369 2599 illa

418 2631 537 2697 infelici
552 2653 671 2716 pugna,
687 2630 874 2717 priusquam
894 2635 1029 2697 nuncius
1045 2635 1120 2699 mali
1140 2636 1276 2701 domum
1291 2638 1368 2701 reni·

419 2748 479 2811 ret,
497 2757 596 2799 unum
612 2756 651 2797 ex
664 2732 772 2797 amicis
786 2733 870 2798 misit
888 2732 1130 2820 Carthaginem.
1176 2739 1241 2816 Qui
1254 2739 1368 2805 curiam

420 2836 702 2923 ingressus,statim
712 2835 877 2922 quaesivit:
894 2857 933 2898 an
944 2857 1018 2899 cum
1033 2841 1255 2907 Romanorum
1265 2841 1368 2928 copis,

418 2961 494 3025 quae
509 2951 770 3024 supervenerunt,
785 2950 946 3022 oporteret
958 2938 1116 3005 dimicari.
1163 2941 1286 3007 Senatu
1301 2965 1369 3007 vero

420 3038 623 3111 acclamante,
647 3038 798 3121 Oportet!
832 3037 1016 3114 Dimicavit,
1039 3041 1148 3126 inquit
1170 3043 1319 3120 nuncius,
1340 3056 1369 3106 ct

420 3154 590 3225 superatus
603 3152 662 3219 est,
676 3160 739 3202 non
762 3138 943 3224 relinquens
957 3139 1004 3204 eis
1025 3140 1175 3223 liberum,
1195 3158 1234 3210 ut
1248 3145 1371 3209 damna·

421 3255 492 3307 rent
500 3239 632 3315 factum,
645 3238 735 3326 quod
747 3239 806 3324 ipsi
817 3239 1043 3324 judicaverant
1057 3241 1254 3311 laciendum.
1297 3249 1373 3311 Gor·

422 3345 489 3428 gias
505 3343 679 3409 Leontinus
696 3341 853 3418 isocratis,
865 3358 898 3405 et
911 3342 1128 3428 complurium
1144 3347 1253 3432 magni
1262 3344 1374 3432 ingenii

422 3446 564 3510 virorum
586 3456 775 3530 praeceptor,
790 3465 830 3509 ea
843 3443 1024 3509 innocentia
1034 3445 1133 3529 sirit,
1150 3462 1187 3512 ut
1210 3448 1374 3514 centesimo

421 3560 455 3610 et
477 3547 613 3631 septimo
634 3567 718 3609 anno
739 3545 964 3630 interrogatus,
986 3569 1087 3632 quare
1110 3549 1237 3616 tamdiu
1259 3551 1291 3615 in
1314 3551 1375 3615 rita

423 3647 517 3711 vellet
533 3669 676 3710 manere:
704 3648 790 3720 Quia
805 3647 897 3724 nihil,
913 3651 1033 3734 inquit,
1049 3649 1154 3715 habeo
1169 3652 1261 3740 quod
1275 3674 1375 3716 senx·

423 3761 531 3813 tutum
546 3769 646 3811 meam
663 3764 802 3813 accuset.
848 3748 921 3815 Hoc
935 3749 1034 3818 credo
1046 3750 1252 3819 accidisaeex
1266 3753 1376 3839 gratia,

420 3864 451 3915 et
465 3848 567 3915 multa
577 3850 693 3936 peritia
704 3848 880 3928 literarum,
889 3852 1008 3938 quibus
1019 3866 1115 3918 aetate
1126 3875 1188 3919 sua
1198 3854 1377 3940 prestab&

421 3952 502 4017 adeo
517 3964 554 4016 ut
569 3950 689 4038 primus
704 3950 736 4015 in
751 3965 911 4018 conventu
925 3975 1055 4039 poscere
1076 3975 1179 4020 ausus
1192 3958 1249 4033 sit,
1262 3952 1377 4042 quade

422 4077 458 4119 re
468 4054 604 4142 quisque
613 4054 724 4119 audire
739 4053 853 4119 vellet:
869 4053 999 4119 undeet
1009 4055 1040 4118 ei
1051 4055 1084 4119 in
1097 4057 1222 4144 templo
1232 4052 1376 4143 Delphici

422 4156 580 4243 Apollinis
601 4157 748 4221 universa
778 4153 916 4235 Graecia,
937 4169 1078 4222 statuam
1099 4180 1142 4222 ex
1172 4159 1278 4225 solido
1299 4180 1376 4224 auro

383 4276 387 4284 ·
422 4256 539 4343 posuit,
553 4279 655 4343 quum
677 4270 864 4322 ceterorum
880 4257 922 4323 ad
945 4258 978 4323 id
994 4272 1125 4345 tempus
1139 4275 1277 4327 auratas
1288 4256 1378 4326 eollo

422 4371 534 4424 casser.
570 4359 748 4424 Occurrent
758 4358 861 4425 multa
876 4356 1073 4445 hujusmodi,
1084 4382 1162 4447 quae
1178 4361 1287 4429 laudis
1302 4381 1377 4427 vere
