3550 5467
509 711 551 770 58
763 725 899 771 Jornrns
914 724 1188 774 sanassemunsrs
1322 709 1405 789 [sm.
1422 728 1465 775 v1.

514 878 635 944 denarii
654 879 763 962 viginti
785 878 884 942 millia
908 878 1038 944 claudit.
1083 881 1154 944 Tali
1175 881 1351 965 petulantia
1371 881 1465 945 muli·

511 982 573 1045 eris
587 992 684 1066 atque
698 981 845 1065 pecumae
868 982 1086 1064 magnitudine
1107 985 1202 1060 ictus,
1217 981 1461 1066 expavidusque

514 1084 760 1159 Demosthenes,
789 1085 948 1161 avertitur,
978 1095 1012 1148 et
1033 1084 1217 1161 discedens,
1241 1088 1327 1167 Ego,
1347 1084 1465 1168 inquit,

511 1188 666 1270 poenitere
681 1187 760 1250 tanti
777 1207 841 1250 uon
863 1207 948 1249 emo.
996 1188 1094 1252 Visne
1108 1186 1329 1272 proximiora?
1370 1186 1465 1249 Nosti

512 1288 584 1372 quis
598 1287 725 1362 dixerit,
742 1289 816 1372 quia
832 1288 932 1352 habet
946 1289 1008 1353 hoc
1023 1292 1173 1373 voluptas
1188 1292 1309 1355 omnis:

649 1436 768 1490 semna
778 1435 971 1505 animate,

648 1522 999 1594 Apumqueparvolsutum,

649 1608 972 1677 Ubigrctsmellafudit,

652 1694 742 1764 Fugit,
754 1701 782 1748 et
793 1697 872 1749 nimis
883 1697 969 1749 tenaci

651 1782 726 1834 Ferit
736 1783 789 1834 icta
800 1782 878 1834 corde
888 1799 985 1836 morsu.

509 1921 608 1986 Initia
632 1940 771 2004 namque
794 1919 966 2002 cupidinis,
988 1920 1097 1985 dulcia
1125 1932 1199 1987 sunt
1224 1945 1322 2007 super
1347 1929 1407 1990 mel
1432 1939 1464 1991 et

508 2023 633 2086 savum:
660 2030 694 2082 at
712 2018 886 2081 novissima
901 2019 971 2102 ejus
988 2022 1103 2102 quovis
1124 2022 1285 2085 absinthio
1307 2028 1464 2091 amariora

508 2133 593 2187 sunt.
623 2121 705 2194 Quis
716 2130 764 2182 est
775 2118 861 2182 enim
871 2119 946 2183 finis
955 2122 1222 2186 confabulationis
1232 2126 1465 2207 conviviorum,

507 2233 540 2288 et
564 2223 701 2307 expletae
726 2219 882 2298 libidinis,
908 2222 970 2285 uisi
996 2244 1075 2306 pyra
1100 2224 1242 2302 incensa,
1267 2236 1299 2289 et
1326 2249 1400 2310 quae
1430 2231 1464 2292 in

508 2345 618 2389 omues
634 2324 721 2386 cives
736 2320 946 2386 desolationis
959 2322 1111 2387 incendia
1126 2325 1272 2408 spargit?

507 2635 588 2717 Cap.
604 2639 657 2696 24.
689 2634 776 2696 Vitia
791 2641 991 2716 potestatum
1001 2637 1146 2716 serendo
1167 2646 1255 2715 secat,
1269 2660 1306 2702 eo
1320 2642 1407 2724 quod
1425 2644 1463 2704 in

548 2740 597 2801 eis
610 2738 760 2819 asspicio
777 2736 917 2819 publice
938 2738 1055 2801 salutis
1071 2749 1233 2819 constant,
1248 2750 1279 2805 et
1296 2746 1383 2826 quod
1395 2746 1460 2808 dis-

545 2849 733 2924 pensatores
747 2840 864 2901 solutis
876 2847 964 2917 sarit,
979 2841 1063 2903 ocus
1078 2846 1262 2908 stovnochus
1277 2848 1312 2908 in
1327 2867 1461 2929 corporo

548 2943 705 3005 animalis
725 2941 890 3003 nutritiva
913 2938 1076 3020 dispertit,
1098 2950 1129 3005 et
1152 2945 1210 3007 hoc
1233 2966 1275 3007 ec
1296 2951 1459 3012 sententiis

549 3043 673 3107 domim
687 3040 834 3106 Adriani
849 3039 962 3119 Papo.

553 3224 662 3297 Vana,
692 3218 799 3301 inquit
826 3216 991 3295 Salomon,
1020 3216 1061 3281 ad
1092 3218 1267 3298 formicam,
1297 3222 1326 3286 O
1356 3224 1459 3308 piger,

505 3337 540 3390 ut
573 3321 774 3407 providentia
806 3318 971 3383 habeatur.
1031 3321 1074 3382 At
1107 3320 1324 3406 Philosophus
1353 3326 1456 3391 virum

505 3425 672 3511 politicum
702 3421 800 3483 mittit
827 3418 869 3482 ad
895 3441 983 3502 apes,
1009 3433 1044 3484 ut
1070 3423 1204 3487 abillis
1231 3445 1323 3487 suum
1350 3426 1457 3493 discat

504 3526 666 3592 officium:
704 3521 756 3584 cui
790 3521 818 3583 si
847 3520 938 3604 Tyrii
974 3524 1221 3606 acquievissent,
1250 3546 1456 3612 nequaquam

503 3628 639 3695 luxuriae
662 3623 882 3700 indulsissent,
905 3633 937 3687 et
961 3624 1001 3688 de
1024 3627 1130 3707 gentis
1153 3636 1308 3710 perpetua
1330 3629 1456 3696 incolu-

505 3732 613 3795 mitate
636 3726 821 3810 gauderent
867 3726 933 3790 Sed
956 3728 1030 3810 quia
1053 3728 1163 3792 vitium
1186 3730 1220 3792 in
1243 3732 1376 3797 muliere
1400 3734 1457 3799 do·

504 3833 592 3898 mina
615 3827 779 3906 radicavit,
803 3828 978 3892 effeminati
1004 3831 1090 3893 cives
1119 3831 1342 3897 subduxerunt
1372 3838 1458 3901 colla

503 3933 616 3999 virtuti.
661 3930 760 3996 Porro
782 3929 842 3991 etsi
864 3928 898 3992 in
922 3930 1030 3992 officio
1053 3929 1203 3994 virtutum
1228 3932 1271 3994 sit
1296 3934 1457 3999 remissior

503 4033 710 4122 principatus,
736 4029 892 4093 colendus
918 4042 1024 4094 tamen
1050 4042 1121 4095 est:
1153 4044 1186 4095 et
1213 4033 1297 4098 sicut
1321 4057 1399 4120 apes
1422 4038 1454 4101 in

502 4132 643 4200 humeris
672 4151 780 4211 regem
809 4152 901 4193 suum
931 4132 1091 4208 attollunt,
1120 4132 1164 4196 ita
1194 4132 1342 4217 subjecti,
1372 4159 1455 4222 quos

502 4238 603 4323 pedes
624 4247 657 4298 et
679 4233 820 4295 membra
841 4231 1049 4314 praediximus
1071 4253 1153 4309 csse,
1174 4233 1349 4301 dummodo
1369 4239 1454 4302 vitiis

501 4339 700 4424 perniciosus
720 4355 784 4396 non
806 4333 858 4410 sit,
873 4332 1092 4397 omnimodum
1110 4335 1140 4396 ci
1157 4334 1328 4401 exhibeant
1351 4342 1452 4404 samu-
