3550 5467
413 726 482 773 car.
497 708 574 790 vra]
735 727 996 774 ronrcnarrcus.
1317 718 1378 777 103

408 875 634 942 concedantur.
652 878 705 942 Sic
720 891 752 942 et
764 881 957 944 Geometriae
974 880 1079 966 primo
1090 880 1260 965 petitiones
1275 904 1370 965 quas·

408 977 493 1055 dam,
524 980 621 1065 quasi
644 980 742 1045 totius
763 981 842 1044 artis
859 982 984 1066 jaciunt
1009 982 1232 1059 fundamenta,
1254 982 1371 1047 deinde

409 1102 596 1145 communes
610 1082 707 1145 animi
728 1083 949 1167 conceptiones
964 1084 1138 1170 adjiciunt:
1161 1097 1193 1148 et
1219 1083 1262 1147 sio
1277 1085 1370 1174 quasi

410 1182 477 1246 acie
492 1181 653 1262 ordinata,
668 1185 709 1247 ad
724 1207 762 1246 ea
777 1206 850 1270 quoe
866 1184 926 1249 sibi
942 1200 1016 1250 sunt
1038 1185 1283 1250 demonstranda
1298 1209 1369 1272 prn-

410 1283 543 1348 cedunt.
567 1283 1370 1371 Sedetpetitionesipsaeadeoconsentiuntrationi,

410 1398 446 1450 ut
476 1386 655 1470 protervire
683 1386 842 1463 videatur,
873 1389 1020 1474 quisquis
1049 1411 1103 1452 eas
1126 1389 1173 1452 vel
1196 1389 1280 1453 hosti
1304 1411 1367 1452 non

409 1485 566 1550 concedit.
612 1488 677 1552 Hic
693 1502 798 1551 tamen
821 1509 1023 1575 nequaquam
1040 1489 1147 1573 agitur
1162 1490 1202 1554 de
1218 1489 1278 1569 his,
1293 1515 1368 1576 quae

410 1586 449 1649 sd
463 1586 587 1650 cultum
601 1586 762 1672 religionis
773 1588 944 1673 pertinent,
955 1587 1104 1674 quoniam
1117 1602 1148 1652 et
1160 1588 1204 1651 ibi
1217 1589 1369 1653 nonnulla

411 1685 1368 1774 quodammodopetuntur,quae‚utfidesampliusrnereatur,

410 1788 641 1875 experientiam
671 1789 801 1854 rationis
830 1789 1011 1853 excedunt:
1037 1788 1090 1853 sed
1115 1789 1183 1853 haec
1206 1791 1285 1873 ipsa,
1309 1791 1369 1854 etsi

410 1890 495 1954 ratio
514 1911 578 1953 non
598 1906 720 1976 urgeat,
740 1891 900 1954 debentur
918 1891 1042 1975 pietati.
1089 1891 1138 1954 Ut
1160 1891 1243 1954 enirn
1265 1913 1369 1955 secra·

411 1991 540 2065 mentis,
571 1992 627 2057 ubi
658 1992 739 2055 ratio
768 1991 888 2066 delicit,
919 1991 1111 2056 adhibeatur
1141 1989 1230 2068 fides,
1261 1993 1369 2058 multis

414 2092 588 2169 beneficiis,
612 2091 802 2178 magnisque
825 2092 986 2157 miraculis
1008 2092 1181 2178 promeruit
1208 2093 1369 2171 Christus,

412 2194 466 2259 cui
482 2216 546 2258 non
560 2192 647 2258 credi
664 2193 798 2278 impium
809 2205 869 2268 est,
885 2192 970 2255 sicut
982 2215 1001 2255 a
1012 2191 1234 2277 probabilibus
1248 2192 1369 2258 dissen-

411 2296 474 2360 tire
502 2294 716 2380 pertinaciter,
747 2305 932 2377 protervum
962 2306 1020 2359 est.
1072 2292 1152 2370 Quis
1182 2295 1277 2372 enim,
1307 2293 1367 2359 nisi

410 2398 554 2474 insanus,
565 2408 621 2460 aut
634 2397 993 2481 protervusnegaverit,
1005 2396 1083 2480 quin
1096 2397 1137 2460 ab
1148 2398 1234 2461 omni
1248 2410 1368 2483 puncto

410 2499 452 2563 ad
467 2521 561 2562 omne
583 2510 738 2584 punctum
760 2498 944 2581 oppositum
967 2498 1067 2584 possit
1090 2498 1172 2562 linea
1194 2513 1280 2562 recta
1296 2520 1368 2584 pro-

410 2599 498 2666 tendi
511 2603 526 2662 Ρ
550 2599 633 2662 Nam
645 2598 727 2662 sicut
738 2601 771 2662 in
783 2597 925 2662 aediliciis
936 2620 1060 2661 necesse
1070 2613 1116 2660 est
1129 2597 1251 2682 aliquid
1265 2599 1365 2662 fixum

407 2721 477 2762 esse
492 2708 524 2762 et
539 2697 662 2775 stabile,
675 2696 726 2760 cui
736 2696 888 2782 erigenda
903 2709 1063 2760 structura
1074 2697 1173 2781 possit
1186 2696 1298 2761 inniti:
1322 2699 1367 2763 sic

413 2799 445 2864 in
461 2799 548 2864 omni
563 2797 709 2864 doctrina
724 2798 852 2882 aliquod
877 2797 991 2861 stabile
1013 2796 1140 2860 initium
1164 2796 1368 2882 procedendi,

411 2899 580 2964 necessitas
600 2897 841 2962 consultissimae
863 2896 996 2960 rationis
1010 2896 1165 2981 exposcit.
1210 2897 1366 2982 Alioquin

410 2999 567 3086 quicquid
581 2999 690 3084 opifex
708 2998 830 3084 adjicit,
845 3009 951 3075 nutat,
965 3019 1001 3059 ac
1020 2996 1045 3058 si
1061 2996 1093 3058 iu
1112 2994 1236 3059 lubrico
1250 3018 1366 3076 arenoe,

410 3113 467 3165 aut
489 3100 655 3165 bituminis
678 3101 752 3185 quis
777 3097 926 3175 aedilicet,
950 3111 1008 3160 aut
1031 3094 1147 3159 scribat
1170 3096 1202 3158 in
1226 3094 1367 3161 fluminis

409 3201 512 3288 lapsu.
558 3202 641 3265 Nam
656 3201 785 3266 incertis
799 3197 935 3263 certiora
949 3197 1074 3261 faciunt
1089 3195 1197 3262 fidem.
1245 3198 1279 3261 Si
1290 3220 1366 3283 ergo

409 3303 488 3367 nihil
504 3303 662 3389 sequitur,
676 3301 735 3365 nisi
754 3299 843 3364 aliud
865 3298 1045 3375 antecedat,
1061 3299 1086 3362 si
1112 3311 1216 3363 motus
1231 3299 1332 3362 omnis
1345 3321 1366 3363 s

409 3402 518 3490 quiete
541 3401 696 3488 procedit,
718 3403 792 3486 quis
811 3411 916 3485 potest
942 3398 970 3460 ei
994 3393 1190 3483 probationis
1209 3417 1278 3460 esse
1292 3417 1365 3478 pro-

409 3527 527 3581 oessus,
538 3503 596 3590 qui
612 3524 768 3587 nusquam
784 3499 931 3587 quiescit,
943 3512 999 3563 aut
1010 3498 1089 3561 nulli
1102 3497 1297 3583 acquiescit?
1320 3499 1363 3563 Ei

409 3625 557 3690 namque,
566 3603 618 3666 oui
624 3601 729 3665 omnia
741 3599 918 3686 probabilia
928 3610 1015 3671 sunt,
1024 3597 1100 3660 nihil
1112 3598 1240 3682 probari
1247 3611 1363 3683 potest.

410 3707 472 3770 Sed
481 3727 588 3770 eorum
601 3726 676 3788 quae
687 3701 854 3788 perspicua
864 3714 949 3776 sunt,
960 3701 1021 3764 alia
1033 3713 1108 3764 sunt
1118 3700 1265 3763 omnibus
1278 3713 1363 3779 nota,

406 3807 672 3873 aliadoctioribus
682 3819 818 3885 tentum,
831 3803 1003 3888 unicuique
1015 3801 1188 3865 secundum
1200 3802 1361 3888 propriam

405 3909 603 3975 facultatem.
648 3912 732 3973 Nam
755 3929 922 3971 numerum
947 3926 1072 3975 ornnem
1090 3925 1197 3988 parem
1212 3925 1290 3979 esse,
1309 3902 1361 3965 vel

407 4011 573 4097 imparem,
588 4010 635 4073 ita
649 4008 775 4091 publice
790 4022 901 4071 notum
916 4019 975 4084 est,
998 4018 1034 4068 ut
1050 4026 1107 4066 nec
1123 4025 1238 4087 pueros
1253 4003 1362 4077 lateat,

407 4111 528 4198 quibus
543 4109 670 4172 licentia
686 4108 790 4173 aetatis
805 4107 953 4189 indulget

512 4228 618 4280 Ludere
629 4244 675 4298 par
686 4228 778 4297 impar,
792 4226 910 4293 equitare
922 4223 949 4274 in
961 4220 1088 4273 arundine
1099 4217 1187 4282 longa,

439 4338 443 4349 ·
514 4311 657 4366 AEdificare
669 4329 752 4376 casas,
765 4309 883 4382 plostello
897 4308 1041 4377 adjungere
1054 4318 1151 4353 mures.
