3550 5467
411 715 474 773 306
667 721 801 768 JOANNIS
817 719 1105 766 sansananrssffls
1199 704 1282 782 [nra.
1296 720 1353 764 rur.

413 901 535 942 venam.
574 878 717 952 Quartus
732 874 773 937 ab
787 872 933 958 appetitu
955 872 1161 950 celebritatis,
1177 884 1211 935 et
1227 892 1356 934 reveren·

414 982 478 1053 tiae,
505 978 581 1040 dum
610 976 812 1039 eminentiam
840 972 967 1058 quaerit,
992 974 1153 1038 fallaciter
1178 971 1356 1037 intumescit

413 1084 493 1144 Haec
518 1093 593 1143 sunt
618 1091 760 1162 quatuor
786 1073 928 1149 flumina,
952 1098 1025 1159 quae
1049 1073 1231 1137 infundunt
1256 1087 1287 1136 et
1309 1073 1357 1136 cir·

411 1193 563 1243 cumeunt
594 1180 715 1252 orbem,
745 1191 777 1240 et
806 1176 847 1239 de
877 1176 963 1239 sonte
1001 1199 1161 1260 perversae
1198 1175 1357 1240 voluntatis

412 1281 601 1352 scaturiunt,
628 1280 685 1365 qui
713 1279 819 1342 sedem
848 1278 965 1343 babent
992 1278 1022 1342 in
1049 1279 1127 1355 imo,
1154 1293 1187 1341 et
1218 1278 1356 1362 originem

415 1382 608 1446 contrahunt
620 1404 640 1443 a
650 1380 720 1443 luto
732 1378 890 1441 vanitatis.
916 1379 1023 1455 Quum
1038 1391 1148 1441 autem
1160 1378 1358 1450 excreverint,

413 1484 555 1547 diversos
569 1507 607 1546 ex
625 1506 656 1546 se
673 1482 802 1567 pariunt
818 1480 911 1552 rivos,
927 1494 959 1543 et
981 1480 1071 1565 quasi
1086 1478 1359 1573 intumescentibus

414 1585 506 1671 aquis
525 1583 650 1662 diluvii,
670 1580 825 1644 mundum
842 1581 996 1660 obruunt,
1009 1580 1185 1644 animantia
1202 1581 1360 1666 perimunt,

414 1701 447 1750 et
472 1685 517 1749 sic
542 1686 649 1748 omnia
673 1683 790 1758 delent,
814 1697 850 1746 ut
877 1697 961 1744 terra
989 1681 1088 1745 videri
1118 1682 1220 1768 possit
1244 1683 1277 1745 in
1299 1680 1361 1745 soli·

416 1788 559 1852 tudinem
591 1785 773 1867 redigenda,
800 1783 858 1846 nisi
888 1783 965 1868 quia
994 1806 1124 1867 paucas,
1152 1783 1184 1846 id
1216 1797 1274 1860 est,
1299 1796 1362 1846 octo

415 1889 546 1964 animas,
575 1889 812 1950 resurrectionis
838 1886 956 1948 scilicet
982 1885 1074 1962 filios,
1098 1885 1216 1949 domus
1244 1884 1360 1950 Domini

414 2013 487 2051 arca
501 2003 674 2052 conservat.
723 1987 766 2048 Hi
784 2000 857 2050 sunt
874 1988 996 2071 utique,
1012 2009 1095 2071 quos
1113 2009 1154 2049 ex
1173 1988 1260 2050 omni
1280 2009 1362 2050 carue

414 2089 573 2153 Dominus
589 2088 762 2174 praelegit.
794 2092 1021 2150 Verumtamen
1037 2088 1095 2172 qui
1112 2102 1189 2151 sunt
1201 2089 1233 2151 in
1249 2087 1362 2151 dilurio

412 2213 569 2276 aquarum
600 2191 787 2263 multarum,
818 2189 859 2252 ad
890 2212 963 2252 eum
994 2211 1054 2251 non
1086 2191 1363 2275 approximabunt.

412 2296 456 2356 Et
479 2292 609 2376 quidem
633 2313 722 2353 amor
744 2292 914 2363 commodi,
940 2290 980 2354 de
1001 2315 1065 2377 quo
1092 2292 1285 2377 praedictum
1310 2306 1362 2370 est,

412 2391 469 2454 has
484 2392 573 2477 quasi
591 2391 621 2454 in
638 2414 724 2454 mure
739 2395 839 2454 altum
858 2391 966 2454 fundit
982 2415 1095 2477 aquas,
1113 2406 1146 2456 et
1163 2393 1364 2458 invalescente

413 2494 545 2570 malitia,
561 2498 648 2557 velut
665 2492 832 2557 cataractis
848 2493 921 2557 coeli
941 2494 1069 2578 apertis,
1085 2496 1190 2558 varias
1205 2495 1288 2581 pluit
1306 2499 1365 2560 Do·

415 2597 531 2675 minus,
542 2597 574 2659 in
586 2610 795 2679 augmentum
811 2593 937 2670 duuvii,
949 2594 1158 2680 delinquendi
1173 2598 1363 2669 occasionesr

415 2700 602 2783 permittens
625 2713 661 2762 ut
684 2698 848 2760 subtracta
869 2697 985 2781 gratia,
1007 2697 1062 2782 qui
1087 2697 1118 2761 in
1142 2698 1292 2763 sordibus
1311 2712 1365 2773 est,

414 2802 574 2865 sordescat
590 2799 738 2884 amplius,
750 2813 781 2862 et
797 2821 891 2883 quem
905 2798 1032 2884 proprio
1043 2801 1218 2865 committit
1229 2801 1365 2874 arbitrio,

415 2903 505 2989 quasi
523 2903 675 2966 ulciscens
690 2902 774 2966 serit.
813 2901 884 2964 Non
902 2901 989 2987 quod
1005 2905 1188 2988 appetitum
1204 2903 1366 2975 commodi,

415 3009 440 3068 si
457 3018 654 3090 temperatus
674 3003 726 3082 sit,
740 3003 842 3066 dicam
866 3026 933 3065 esse
947 3001 1153 3088 culpabilem,
1170 3019 1227 3069 aut
1250 3004 1365 3090 copiam

414 3110 753 3180 rerumsufficientem,
763 3119 819 3169 aut
834 3104 975 3169 laetitiam
990 3106 1114 3181 mentis,
1125 3120 1182 3171 aut
1195 3111 1365 3172 naturalem

414 3209 571 3275 libertatis
593 3232 743 3288 amorem,
765 3222 821 3272 ant
845 3208 1004 3273 eminendi
1028 3208 1179 3274 meritum
1203 3210 1318 3274 ducam
1335 3211 1365 3272 in

413 3314 563 3376 crimine:
591 3311 645 3375 sed
663 3310 741 3374 nilril
757 3311 888 3376 istorum
905 3312 992 3398 quod
1009 3311 1179 3397 pollicetur
1194 3313 1306 3386 affertz
1333 3336 1366 3376 eo

412 3414 543 3500 quidem
558 3414 652 3476 modo
667 3437 734 3499 quo
748 3413 917 3499 quaeritur,
929 3413 1124 3477 contrarium
1141 3414 1251 3499 potius
1261 3437 1366 3500 opera-

412 3530 467 3577 tur
493 3516 653 3578 effectum.
690 3519 772 3579 ltaec
796 3528 901 3578 autem
926 3515 1032 3578 omnia
1052 3515 1136 3578 bona
1159 3530 1248 3597 sunt,
1269 3518 1294 3581 si
1315 3517 1367 3591 eia,

410 3613 545 3677 docente
561 3617 676 3697 gratia,
689 3631 774 3679 recte
789 3617 873 3680 lilius
889 3617 1041 3680 adversus
1056 3639 1182 3682 carnem
1201 3618 1324 3683 luctans
1338 3631 1366 3681 et

410 3713 608 3798 sanguinem,
634 3729 708 3778 eta
734 3732 825 3801 patre
851 3719 962 3802 gaudii
990 3732 1022 3783 et
1044 3718 1254 3786 exultationis
1280 3720 1368 3784 bene-

411 3813 581 3893 dicendus,
605 3828 727 3889 utatur,
744 3832 774 3882 et
798 3820 917 3884 eisdem
941 3821 1031 3908 quasi
1052 3819 1178 3896 florido,
1203 3822 1366 3907 frugifero,

409 3914 598 4003 etjucundo
613 3915 758 3980 induitur
782 3923 982 3987 vestimento.
1022 3923 1054 3986 Si
1072 3945 1148 3986 vero
1169 3925 1366 4009 sanguineus,

409 4021 575 4104 fraterque
587 4018 732 4095 carnalis,
744 4035 950 4086 contemnens
960 4023 1071 4088 matris
1081 4026 1196 4107 gratioe
1208 4025 1365 4090 familiari-

409 4134 519 4194 tatem,
543 4118 610 4182 baec
637 4118 743 4182 omnia
770 4143 894 4185 morum
922 4120 1109 4186 indumenta
1136 4138 1284 4209 usurpet,
1310 4145 1364 4186 nec

407 4223 561 4307 fragrant,
578 4244 635 4285 nec
654 4220 778 4297 decent,
795 4245 851 4286 nec
868 4224 1026 4308 pascendo
1050 4223 1208 4288 reficiunt.
1248 4227 1292 4288 Et
1308 4225 1363 4286 hoe

407 4338 455 4388 est
479 4325 561 4388 sorte
589 4324 674 4411 quod
703 4337 803 4390 vestes
825 4329 914 4390 Esau
943 4325 1097 4412 placuisse
1124 4329 1310 4392 scribuntur
1331 4327 1360 4389 in
