3550 5467
568 725 610 782 72
817 738 952 784 ioannis
967 737 1242 782 sanasnuursnsrs
1378 720 1459 798 [un.
1476 738 1518 783 vr.

568 910 664 952 mann
686 891 849 954 fortiorum
873 891 959 972 ejus;
982 911 1130 971 egenum,
1153 902 1186 953 et
1210 911 1382 974 pauperem
1404 912 1425 954 a
1446 890 1518 953 diri·

567 990 731 1075 pientibus
757 1014 840 1056 eum.
894 994 930 1056 Si
955 1014 1030 1074 ergo
1055 993 1238 1076 quisquam,
1263 992 1451 1076 quicunque
1478 993 1518 1055 sit

566 1094 630 1170 ille,
645 1093 780 1176 insurgit
793 1095 827 1157 in
850 1115 917 1171 eos,
932 1115 1066 1179 quornm
1087 1104 1252 1178 patronus,
1268 1095 1332 1157 imo
1358 1106 1450 1176 pater
1473 1106 1522 1157 est

569 1195 725 1272 Christus,
739 1195 952 1280 proculdubio
967 1197 1001 1258 in
1018 1217 1053 1259 se
1069 1197 1175 1278 ipsum
1196 1208 1351 1278 provocat
1368 1194 1521 1278 lapidem,

567 1318 630 1380 quo
645 1297 781 1361 irruente
796 1299 993 1362 comminuta
1006 1309 1055 1362 est
1069 1309 1183 1376 statua,
1198 1319 1295 1382 quam
1310 1295 1391 1358 vidit
1407 1297 1518 1360 Nabn·

567 1398 780 1479 chodonosor,
793 1421 866 1484 quae
881 1421 1051 1482 regnorum
1067 1401 1140 1464 rarii
1157 1399 1336 1483 splendoris
1351 1409 1384 1461 et
1397 1399 1520 1462 roboris

566 1501 680 1564 seriem
702 1502 868 1584 figurabat
915 1503 985 1566 Nec
1007 1502 1136 1585 proficit
1150 1503 1182 1564 in
1198 1513 1318 1565 tortura
1332 1521 1519 1584 pauperum,

566 1603 779 1687 multiplicare
794 1616 878 1682 vota,
893 1616 926 1668 et
939 1606 1030 1690 quasi
1045 1606 1135 1669 Deus
1152 1606 1337 1668 muneribus
1359 1605 1520 1687 corrumpi

567 1716 674 1789 queat,
688 1728 760 1770 eum
784 1707 939 1771 simulatis
960 1707 1077 1792 potius,
1095 1729 1191 1793 quam
1207 1708 1288 1770 reris
1309 1708 1350 1770 ab
1371 1707 1520 1789 impoeni·

568 1818 655 1872 tento
665 1809 877 1892 eleemosynis
889 1820 1052 1886 attentare,
1058 1832 1156 1895 quum
1167 1810 1326 1893 sapientia
1336 1820 1521 1893 potestetur,

466 1979 470 1985 ,
569 1909 644 1992 quia
666 1910 756 1971 ruina
775 1920 824 1971 est
846 1911 969 1972 homini
988 1909 1138 1974 devorare
1159 1924 1298 1987 sanctos,
1314 1923 1347 1974 et
1360 1923 1437 1995 post
1450 1923 1521 1975 vota

567 2016 746 2069 retractare.
791 2007 837 2068 Et
865 2005 964 2069 illud:
998 2008 1125 2070 Hostias
1155 2009 1325 2091 impiorum
1355 2010 1520 2072 abomina-

567 2108 647 2170 biles
676 2106 829 2181 Domino,
855 2107 932 2188 qnia
959 2109 1134 2171 offeruntur
1162 2130 1204 2170 ex
1228 2110 1370 2171 scelere:
1407 2111 1520 2194 etqui

566 2209 659 2269 offert
686 2206 878 2270 sacrificium
908 2207 948 2270 de
976 2211 1090 2290 rapina
1111 2209 1273 2291 pauperis,
1295 2210 1388 2292 quasi
1418 2211 1520 2274 filium

566 2311 709 2371 immolat
736 2309 829 2392 patri.
874 2310 944 2373 Nec
975 2310 1054 2372 mihi
1083 2311 1264 2394 imputetur,
1294 2313 1320 2374 si
1352 2312 1394 2375 de
1424 2334 1520 2375 manu

566 2431 676 2473 corum
686 2411 840 2474 fraternus
849 2411 980 2493 sanguis
988 2412 1175 2495 exquiritur,
1184 2424 1240 2475 aut
1248 2433 1381 2496 operum
1391 2434 1520 2477 suorum

566 2522 730 2595 reportant
751 2512 882 2594 praemia
903 2513 934 2575 in
958 2512 1073 2576 eadem
1097 2534 1246 2576 mensura
1268 2535 1362 2596 quam
1385 2515 1447 2597 ipsi
1471 2515 1519 2577 in·

567 2616 725 2679 tulerunt:
758 2615 910 2697 quoniam
931 2636 999 2678 non
1019 2635 1092 2696 ego,
1111 2614 1167 2678 sed
1183 2615 1365 2678 altissimus
1386 2615 1464 2679 dicit
1487 2628 1519 2679 et

567 2717 643 2780 facit
657 2717 726 2780 baec
742 2717 859 2780 omnia.
905 2716 978 2798 Ego
999 2716 1128 2799 quidem
1144 2738 1210 2780 non
1234 2728 1356 2780 tantum
1371 2718 1465 2781 bonis
1488 2731 1519 2781 et

567 2819 731 2897 modestis,
753 2819 924 2883 sedetiam
946 2819 1087 2902 dyscolis
1106 2819 1241 2882 arbitror
1262 2817 1461 2881 serviendum
1484 2821 1517 2883 in

567 2921 654 2984 omni
676 2920 855 2984 humilitate
877 2929 910 2982 et
932 2916 1120 2997 reverentia,
1139 2918 1278 2981 fideliter
1300 2930 1404 2981 tamen
1427 2929 1460 2982 et
1481 2919 1514 2981 in

566 3025 655 3087 cultu
685 3021 853 3104 potestatis
877 3023 983 3084 Deum
1005 3019 1230 3095 uenerandum,
1256 3041 1364 3102 aquo
1392 3031 1442 3084 est
1470 3020 1517 3082 in-

566 3126 685 3188 stituta.
741 3123 838 3187 Unde
868 3137 900 3187 et
929 3123 1059 3186 Hebraei
1087 3122 1314 3206 praecipiuntur
1344 3142 1432 3185 orare
1460 3143 1517 3206 pro

567 3225 766 3310 Babyloniis,
781 3226 858 3309 quia
871 3225 905 3287 in
927 3245 1008 3307 pace
1022 3225 1216 3308 principum,
1232 3223 1323 3304 quies
1346 3233 1397 3285 est
1417 3244 1518 3307 popu·

567 3330 680 3401 lorum,
703 3336 736 3388 et
765 3325 911 3389 Christus
939 3326 1009 3406 ipse
1035 3325 1155 3389 Caesari
1186 3325 1305 3386 tributa
1327 3345 1346 3386 a
1368 3323 1517 3387 fidelibus

567 3428 694 3492 censuit
708 3446 780 3489 esse
802 3425 966 3489 solvenda
1012 3426 1128 3490 Omnia
1143 3435 1247 3489 tamen
1269 3424 1418 3509 pervertit
1432 3427 1519 3489 Gna·

568 3531 635 3602 tho,
658 3539 691 3592 et
712 3549 751 3591 eo
777 3527 890 3610 judice
914 3529 980 3591 veri
1003 3528 1171 3612 professio,
1193 3527 1370 3611 majestatis
1396 3528 1518 3590 crimini

568 3641 763 3714 coaequatur,
785 3630 901 3711 dignus
927 3631 1023 3714 plane
1046 3631 1097 3695 cui
1121 3631 1269 3693 alumnus
1292 3630 1463 3712 Apollinis,
1485 3630 1519 3692 id

568 3743 628 3810 est,
638 3733 805 3816 sapientiae
816 3733 929 3811 cultor,
938 3734 1056 3815 pellem
1067 3731 1213 3796 detrahat
1222 3733 1370 3815 exemplo
1381 3733 1521 3809 Marsica,

569 3836 623 3919 qui
639 3833 716 3898 dum
732 3833 902 3897 contendit

781 3949 909 4003 Phoebum
921 3967 1041 4021 superare
1053 3949 1178 4013 canendo,

569 4050 672 4113 victus
697 4046 886 4111 indumento
913 4059 1034 4110 naturae
1059 4047 1222 4129 spoliatur·
1268 4046 1352 4107 Eum
1382 4066 1520 4129 namque

569 4150 768 4215 adulatorum
805 4148 902 4211 factio
935 4148 1086 4224 imitatur,
1115 4160 1147 4211 ct
1184 4147 1342 4209 infelicem
1375 4147 1522 4228 Satyrum

569 4253 690 4335 implet,
720 4249 796 4312 dunt
827 4247 962 4310 numina
991 4269 1048 4310 sua
1072 4246 1260 4309 (fortunatos
1283 4248 1408 4328 loquor)
1434 4248 1524 4309 ranis

569 4353 719 4417 laudibus
732 4351 816 4413 volut
831 4349 1049 4412 instrumentis
1061 4348 1203 4425 musicis,
1215 4370 1278 4410 uon
1296 4360 1358 4410 taur
1376 4369 1524 4430 superare
