3550 5467
432 704 495 764 382
679 713 817 760 sossius
831 713 1114 759 ssaasaamsssm
1206 694 1289 775 [ua.
1304 716 1380 762 vin·

425 867 552 954 generis
573 863 751 948 judicatus.
797 866 843 926 Et
866 862 935 926 bac
965 862 1095 949 quidem
1127 878 1176 929 est
1206 863 1374 952 descriptio

421 968 560 1056 tyranni,
590 987 655 1049 qua
683 964 864 1049 explicatur
891 988 941 1031 res
967 988 1041 1050 quae
1067 965 1146 1030 latet
1178 967 1209 1030 in
1241 971 1372 1032 nomine.

421 1073 511 1137 Sicut
540 1090 617 1151 ergo
654 1065 843 1129 damnatum
878 1068 999 1132 hostem
1030 1067 1103 1132 licet
1143 1069 1303 1144 occidere,
1331 1070 1372 1132 sic

420 1185 602 1257 tyrannum.
660 1171 741 1231 Haec
771 1181 878 1233 tamen
908 1191 970 1232 uon
999 1170 1156 1254 impediat
1187 1170 1370 1256 supputatio

419 1274 583 1337 veritatem
607 1269 759 1346 historie,
780 1270 931 1353 quoniam
948 1271 998 1332 hic
1022 1269 1149 1346 Galbae,
1173 1270 1321 1346 Othonis,
1339 1284 1369 1334 et

418 1372 569 1440 similium
586 1370 666 1434 ratio
689 1368 832 1455 neglecta
846 1383 904 1435 est.
951 1371 1018 1433 Nec
1034 1370 1108 1454 quis
1123 1385 1247 1455 quotus
1262 1373 1301 1435 sit
1315 1373 1368 1435 im·

418 1488 601 1562 pecatorum
626 1472 812 1546 attenditur,
828 1472 883 1536 sed
907 1471 1070 1556 quomodo
1091 1474 1238 1536 omnium
1263 1472 1368 1537 domu·

419 1577 480 1640 erit
504 1572 714 1661 tyrannidem,
737 1585 793 1633 aut
817 1571 1000 1656 represserit
1023 1570 1193 1635 clementia
1215 1576 1291 1647 Dei,
1316 1574 1367 1657 qui

418 1699 478 1762 pro
499 1675 627 1739 decreto
641 1672 778 1758 justitiae
795 1670 926 1756 quando
948 1669 1030 1745 vult,
1056 1669 1220 1752 flagellum
1252 1672 1369 1737 inducit

418 1778 451 1841 iu
470 1774 723 1860 delinquentium
739 1793 877 1858 poenam,
892 1786 924 1836 et
946 1771 1077 1857 quando
1092 1773 1175 1852 vult,
1197 1796 1281 1859 quos
1300 1774 1370 1837 lecit

418 1877 620 1964 poeniteutes,
635 1873 775 1937 admittit
791 1871 832 1935 ad
849 1872 982 1939 veniam.
1007 1873 1219 1936 Decreveram
1233 1872 1369 1936 hiesub

418 1979 540 2052 sistere,
562 1988 595 2039 et
610 1972 650 2037 ad
666 1972 743 2036 alias
764 1994 784 2035 a
800 1971 951 2038 Romanis
967 1975 1099 2035 transire
1122 1973 1292 2037 historias:
1316 1972 1367 2037 sed

418 2079 494 2164 quia
507 2080 540 2141 in
555 2076 736 2160 catalogum
752 2076 978 2160 imperatorum
994 2074 1058 2154 ille,
1072 2098 1091 2137 a
1106 2098 1173 2161 quo
1188 2078 1278 2160 genti
1293 2096 1367 2139 meae

417 2200 529 2243 nomen
555 2190 615 2251 est,
641 2177 778 2239 Severus
802 2176 952 2252 occurrit,
975 2179 1033 2261 qui
1062 2175 1220 2242 adversus
1250 2176 1364 2241 Christi

415 2300 528 2344 nomen
559 2275 760 2361 tyrannidem
790 2299 923 2360 gravem
952 2279 1107 2354 exercuit,
1136 2276 1229 2344 illum
1265 2277 1364 2341 adhuc

415 2381 518 2445 solum
548 2375 706 2463 adjiciam,
727 2398 767 2438 ne
799 2378 935 2441 Severiae
958 2378 1007 2441 rel
1034 2378 1226 2444 Saresberiae
1255 2391 1366 2444 nostra

415 2503 544 2570 parcere
556 2478 674 2542 videar.
719 2477 781 2542 Sed
794 2479 938 2564 prolecto
950 2480 1029 2543 banc
1039 2480 1205 2567 profanam
1216 2482 1248 2545 in
1262 2481 1366 2547 Chris·

417 2586 520 2648 tianos
547 2595 578 2645 et
608 2578 770 2644 ecclesiam
793 2580 1054 2665 persecutionem,
1084 2579 1223 2646 coelestis
1253 2583 1366 2646 ultioe

417 2683 554 2767 vestigio
568 2693 765 2768 prosequuta
779 2694 836 2744 est.
881 2682 1089 2745 Emerserunt
1111 2683 1198 2745 euim
1220 2687 1367 2747 continuo

415 2785 498 2850 bella
513 2783 626 2854 civilia,
642 2781 760 2867 quibus
773 2782 909 2844 Romani
925 2781 1088 2866 sanguinis
1097 2781 1272 2867 plurimum
1286 2785 1361 2847 effu·

417 2908 487 2950 sum
503 2897 561 2949 est.
607 2884 671 2947 Hic
696 2882 835 2968 quidem,
857 2882 934 2947 Afer
948 2904 1073 2967 genere,
1090 2883 1314 2969 Tripolitanos
1326 2882 1366 2946 ab

414 2986 535 3074 oppido
551 2984 658 3067 Lepti,
682 2997 796 3048 natura
812 3007 926 3060 saevus,
942 2985 1050 3048 multis
1066 3006 1151 3070 saepe
1167 2985 1259 3049 bellis
1274 2985 1364 3049 laces·

413 3087 507 3168 situs,
526 3085 697 3151 fortissime
711 3085 842 3171 quidem
858 3085 1095 3171 rempublicam,
1112 3085 1168 3150 sed
1190 3086 1364 3152 laboriosis-

412 3191 490 3255 sime
506 3188 598 3253 rexit.
646 3189 844 3271 Congressus
866 3200 914 3251 est
929 3209 1001 3251 cum
1026 3187 1134 3253 multia
1154 3189 1317 3272 gentibus,
1332 3202 1366 3253 ut

414 3292 456 3356 de
485 3290 594 3356 multis
623 3290 846 3375 triumpharet.
892 3291 1122 3354 Fescenninum
1154 3291 1306 3376 Nigrum,
1327 3291 1366 3355 ad

413 3393 615 3479 tyrannidem
631 3392 834 3476 aspirantem,
848 3391 923 3457 vicit
939 3406 970 3456 et
987 3393 1165 3457 interfecit:
1189 3393 1322 3459 Judaeos
1336 3405 1366 3458 et

412 3495 584 3557 Samarites
596 3492 781 3556 rebellantes
791 3495 873 3556 ferro
884 3494 1034 3558 coercuit.
1068 3494 1218 3575 Parthos,
1232 3496 1367 3572 Arabas,

410 3592 658 3676 Adiabenosque
679 3596 850 3678 superavit.
898 3596 963 3660 Hic
987 3607 1034 3659 est
1062 3595 1200 3659 Severus
1223 3598 1364 3682 gentium

408 3697 524 3767 victor,
540 3690 597 3775 qui
620 3692 652 3754 in
676 3694 870 3772 Britannias,
886 3696 1015 3760 delectu
1032 3718 1112 3781 pene
1127 3698 1272 3762 omnium
1288 3698 1367 3762 soci·

408 3815 499 3857 orum
522 3803 655 3870 tractus,
677 3792 800 3876 magnis
821 3796 867 3858 ibi
894 3797 1110 3882 gravibusque
1135 3798 1257 3882 praeliis
1284 3820 1365 3885 saepe

407 3891 515 3981 gestis,
542 3904 701 3976 receptam
732 3906 853 3977 partem
884 3896 998 3964 iusuloe
1020 3920 1040 3960 a
1060 3900 1185 3963 caeteris
1204 3899 1367 3965 indomitis

408 3994 556 4082 gentibus
572 3991 654 4055 vallo
676 3992 933 4079 distinguendam
957 3999 1094 4085 putavit.
1142 4000 1261 4088 Itaque
1280 4022 1366 4064 max-

407 4101 503 4163 imam
520 4097 646 4171 fossam,
662 4095 942 4186 firmissimumque
954 4100 1082 4176 vallum,
1100 4103 1221 4168 crebris
1235 4105 1363 4188 insuper

409 4200 552 4264 turribus
565 4200 809 4280 communitum,
824 4224 880 4287 per
899 4216 1027 4268 centum
1045 4203 1160 4288 viginti
1183 4204 1252 4268 duo
1266 4203 1364 4269 millia

406 4321 556 4384 passuum
570 4322 588 4362 a
600 4300 678 4364 mari
690 4301 731 4366 ad
745 4325 831 4367 mare
841 4302 946 4370 duxit.
994 4305 1121 4390 lbique,
1132 4306 1216 4371 sicut
1229 4306 1364 4370 Orosius
