3550 5467
305 743 375 788 car.
391 726 460 806 rra]
651 745 907 792 marcaarrcos.
1218 729 1253 787 ll

304 907 361 959 est.
407 897 454 961 Ut
474 896 561 961 enim
584 896 639 973 ait,
654 898 764 961 neseio
788 918 853 981 quo
875 907 972 982 pacto
995 907 1129 961 mortem
1151 897 1257 963 minus

302 998 405 1076 timet,
421 998 475 1082 qui
491 996 677 1062 deliciarum
694 998 800 1062 minus
814 999 903 1062 novit
917 999 951 1062 in
968 999 1040 1062 vita.

305 1309 385 1394 Cap.
409 1315 439 1376 8.
469 1310 518 1371 De
540 1307 702 1372 militibus
720 1309 876 1391 gloriosis,
900 1309 957 1392 qai
975 1309 1106 1371 militie
1124 1307 1259 1372 inutiles

743 1418 831 1472 sunt.

347 1546 580 1608 Ennnsscusr
603 1542 682 1605 forte
712 1544 833 1606 milites
855 1542 999 1624 gloriosi,
1021 1554 1055 1606 et
1079 1543 1135 1627 qui
1156 1544 1259 1610 Thra·

306 1665 418 1707 sonem
441 1644 600 1706 comicum
624 1643 732 1724 potius
754 1643 819 1703 vita
839 1654 872 1703 et
892 1643 1043 1718 moribus,
1065 1664 1159 1725 quarn
1188 1665 1262 1727 pro·

306 1746 447 1809 sessione
463 1755 496 1807 et
511 1741 641 1805 nomine
657 1751 898 1825 repraesentant,
913 1741 984 1805 haec
999 1755 1127 1805 armatae
1142 1745 1263 1808 militiae

308 1847 430 1922 munia,
460 1866 533 1928 quae
563 1864 627 1906 non
658 1855 721 1905 tam
747 1842 795 1920 (ut
824 1842 870 1904 eis
899 1841 1035 1921 videtur)
1059 1841 1263 1928 disciplinam

306 1945 431 2008 redolet
459 1943 640 2018 militarem,
662 1962 759 2025 quarn
781 1939 1003 2022 ignominiosae
1027 1943 1185 2008 servitutis
1207 1968 1263 2010 an·

308 2048 437 2130 gustias.
483 2047 522 2109 ln
545 2066 584 2107 eo
606 2066 744 2127 namque
767 2043 937 2107 militarem
960 2045 1092 2123 gloriam
1115 2057 1263 2112 constare

310 2150 490 2234 opinantur,
513 2147 540 2209 si
570 2144 712 2208 nitidiori
739 2144 931 2229 splendeant
959 2144 1082 2224 habitu,
1105 2159 1140 2210 ut
1162 2148 1264 2213 lineas

309 2272 383 2314 suas
406 2260 550 2312 vestesve
573 2248 702 2323 sericas,
725 2247 771 2310 sic
794 2246 1011 2329 perstringant
1032 2258 1065 2311 et
1086 2258 1263 2334 torqueant,

309 2364 345 2415 ut
366 2351 457 2436 quasi
480 2357 587 2414 cutem
610 2360 816 2427 cerussatam,
837 2347 948 2412 aliisve
970 2347 1051 2412 lucis
1077 2351 1265 2433 obnoxiam,

311 2452 400 2516 carni
421 2452 542 2514 faciant
563 2451 734 2526 coherere,
757 2450 783 2512 si
806 2448 960 2530 gradariis
982 2451 1073 2534 equis
1101 2451 1265 2517 insideant

311 2555 449 2628 mollius,
473 2553 499 2616 si
523 2552 739 2630 calamistrati,
762 2551 902 2614 curative
924 2552 1026 2614 Acteo
1055 2573 1121 2615 uon
1148 2553 1265 2621 cedant

311 2653 466 2736 Apollini,
489 2662 521 2715 et
551 2651 676 2715 deliciis
699 2651 764 2713 sint
784 2650 898 2731 magis,
920 2669 1016 2732 quarn
1046 2651 1160 2716 virtute
1183 2675 1264 2738 prae·

312 2754 429 2835 signes.
473 2753 597 2815 Eorum
617 2751 644 2815 si
660 2751 740 2813 forte
761 2750 979 2812 construxeris
999 2751 1111 2831 aciem,
1127 2766 1265 2821 castrum

312 2852 460 2930 Thaidis,
474 2874 569 2936 quarn
586 2852 781 2916 Hannibalis
795 2851 896 2914 tutius
911 2852 1125 2934 expugnabis.
1171 2856 1267 2929 Quis-

313 2954 386 3036 quis
409 2974 517 3015 eorum
539 2954 574 3015 in
596 2955 672 3016 aula
693 2953 868 3037 jactantior
889 2963 949 3030 est,
971 2973 1070 3035 quum
1095 2952 1137 3016 ad
1162 2958 1267 3038 praelii

314 3054 487 3116 discrimen
510 3053 685 3130 acceditur,
704 3055 852 3115 Lacones
873 3050 956 3116 duce
977 3054 1085 3134 Sanga
1105 3060 1267 3122 turmatim

312 3154 486 3237 praemittet
500 3153 541 3216 ad
557 3173 710 3236 pugnam,
720 3153 913 3215 novissimos
927 3154 1069 3235 praesidii
1084 3175 1181 3219 causa
1195 3160 1270 3222 sub·

314 3276 466 3338 sequens,
487 3276 560 3318 cum
590 3252 804 3317 funditoribus
833 3252 978 3337 aliisque,
1001 3254 1057 3339 qui
1085 3255 1118 3317 in
1144 3257 1267 3324 hostem

312 3356 379 3418 tela
399 3354 525 3418 eminus
543 3353 678 3431 mittere,
698 3375 793 3438 quam
811 3373 940 3417 manum
962 3376 1126 3420 conserere
1148 3361 1267 3427 volunt.

314 3458 422 3530 Quum
440 3477 512 3519 vero
528 3456 596 3519 sine
611 3455 741 3519 vulnere
754 3465 786 3519 et
797 3454 947 3520 cicatrice
960 3454 1057 3541 (quod
1068 3458 1269 3547 frequentius

314 3560 432 3638 evenit)
449 3558 579 3622 domum
594 3555 741 3632 redeunt,

490 3712 565 3765 Tunc
577 3712 706 3765 exhausta
718 3718 814 3766 canunt
824 3713 916 3787 praelia
927 3713 1016 3767 Marte
1027 3717 1110 3784 gravi.

456 3797 515 3851 Illic
526 3798 660 3862 AEacides,
670 3797 724 3852 illio
735 3799 859 3852 tendebat
871 3798 999 3853 Achilles.

492 3884 528 3936 Et
539 3884 650 3956 pingunt
660 3882 741 3937 fluido
756 3884 885 3953 Pergama
897 3890 953 3937 tota
963 3901 1042 3937 rnero.

316 4034 362 4100 Et
384 4031 520 4117 quisque
549 4043 667 4097 mortes
689 4033 775 4098 mille
798 4033 884 4097 cirea
905 4043 1050 4116 tempora
1071 4054 1129 4100 sua
1150 4059 1271 4106 errasse

316 4136 477 4218 gloriatur.
522 4134 653 4198 Exinde
673 4135 805 4216 gloriam
827 4155 938 4198 eorum
952 4135 1033 4198 serre
1048 4158 1114 4200 non
1139 4143 1269 4221 poteris.

318 4237 441 4301 Fabula
477 4237 546 4301 haec
575 4238 609 4300 in
646 4258 766 4302 annum
802 4236 1016 4300 centesimum
1051 4238 1269 4317 protelabitur.

318 4338 391 4401 Filii
412 4359 539 4421 quoque
560 4337 614 4420 qui
635 4347 809 4402 nascentur
825 4347 858 4399 et
877 4344 1063 4412 exsurgent,
1078 4337 1271 4404 enarrabunt
