3550 5467
336 737 401 782 cre.
418 721 501 801 xia]
687 737 943 783 eoarcasrrcus.
1251 729 1293 788 86

333 889 423 954 struit
448 891 551 970 gratia
577 892 610 952 in
637 893 793 954 bonorum
821 890 943 954 fabrica
963 891 1157 954 meritorum.
1205 894 1289 957 Sunt

332 1000 435 1053 autem
451 990 593 1073 plurimi,
605 991 661 1074 qui
677 993 831 1054 malorum
846 991 984 1055 clamore
999 1012 1141 1075 operum,
1153 993 1285 1076 quando

330 1092 450 1156 miliriae
476 1092 689 1156 consecrandi
715 1094 878 1175 cingulum
906 1094 996 1158 altari
1022 1092 1216 1172 obtulerunt,
1239 1095 1284 1157 vi·

329 1194 442 1260 deutur
472 1197 651 1279 protestari,
675 1217 708 1260 se
734 1217 773 1259 eo
799 1209 876 1258 tunc
906 1198 1013 1259 animo
1043 1197 1226 1274 accessisse,
1250 1209 1286 1260 ut

331 1298 430 1375 altari,
448 1308 481 1360 et
501 1297 655 1361 ministris
677 1298 757 1381 ejus,
777 1298 834 1360 sed
856 1308 889 1360 et
910 1299 994 1375 Deo,
1009 1298 1066 1380 qui
1088 1299 1135 1361 ibi
1158 1299 1285 1376 colitur,

331 1398 450 1460 bellum
472 1397 714 1461 denunciarent.
760 1397 899 1460 Facilius
922 1396 1112 1461 crediderim
1135 1398 1195 1460 hos
1217 1419 1283 1462 ma·

329 1499 407 1561 litiae
436 1508 616 1577 execratas,
642 1520 736 1582 quam
762 1496 803 1560 ad
829 1498 1004 1582 legitimam
1034 1499 1180 1561 militiam
1206 1519 1284 1561 cou-

331 1611 478 1663 secratos.

331 1859 410 1944 Cap,
423 1865 472 1924 14.
489 1862 585 1936 Quod
591 1861 768 1943 decerptinu
783 1861 941 1923 militaris
950 1860 1133 1942 plurimam
1142 1860 1286 1942 prodest,

502 1975 535 2028 et
547 1966 629 2048 quid
640 1966 797 2028 militiam
812 1965 1106 2046 macimesranyit.

372 2123 526 2187 Pacuius
548 2124 729 2188 necessaria
750 2134 799 2187 est
822 2123 994 2208 disciplina
1015 2124 1171 2203 militaris,
1191 2125 1284 2210 cujus

332 2235 451 2308 quanta
479 2225 521 2289 sit
548 2227 680 2304 utilitas,
706 2248 772 2289 non
802 2226 894 2290 facile
924 2227 1071 2290 dixerim.
1122 2229 1170 2292 Ut
1198 2229 1285 2292 enim

333 2323 455 2390 dictum
484 2337 543 2402 est,
572 2327 730 2390 Romanis
765 2327 847 2391 adeo
884 2328 1001 2411 prosuit
1034 2328 1219 2412 disciplina,
1250 2339 1286 2392 ut

333 2430 442 2492 orbem
465 2449 531 2493 suae
554 2429 752 2513 subjicerent
774 2429 897 2494 ditioni
948 2431 1134 2495 Alexander
1156 2454 1286 2516 quoque

332 2525 483 2605 Macedo,
498 2527 648 2610 exiguam
664 2548 792 2591 manum
808 2529 977 2592 militarem
991 2530 1137 2614 suscepit
1150 2552 1169 2593 a
1184 2541 1286 2614 patre,

332 2628 389 2692 sed
409 2627 549 2706 doctam,
567 2649 633 2712 qua
654 2630 833 2692 assuefacta
855 2629 979 2692 militiae
1001 2632 1111 2694 orbem
1134 2642 1284 2696 terrarum

331 2751 509 2814 aggressus,
525 2731 709 2795 innumeras
731 2731 871 2794 hostium
893 2731 1003 2814 copias
1023 2730 1115 2795 fudit.
1160 2732 1286 2796 Xerxes

332 2853 353 2895 a
361 2832 511 2896 trecentis
523 2830 837 2895 Lacedaemoniorum
850 2832 892 2895 ad
907 2831 1131 2915 ‘llrermopilas
1143 2839 1288 2911 vexatus,

333 2951 432 3014 quum
445 2951 502 2995 eos
516 2951 614 2995 manu
628 2930 766 3010 infinita,
780 2932 989 3016 plurimisque
1004 2952 1133 2995 suorum
1149 2932 1288 3012 amissis,

333 3033 388 3095 rix
417 3032 618 3110 confecisset,
644 3033 680 3095 in
707 3053 747 3095 eo
776 3054 810 3096 se
837 3032 1009 3115 deceptum
1035 3031 1173 3111 dicebat,
1200 3031 1288 3117 quod

333 3135 450 3199 multos
473 3134 604 3219 quidem
626 3133 773 3197 homines
794 3133 936 3212 haberet,
956 3135 1040 3197 viros
1062 3144 1167 3198 autem
1192 3134 1287 3199 disci-

332 3237 431 3321 plina
464 3249 597 3301 tenaces
630 3237 745 3300 nullos.
802 3236 877 3301 Hoc
911 3235 1063 3319 equidem
1093 3257 1165 3299 rere
1194 3234 1288 3315 dixit,

335 3337 423 3422 quod
452 3349 485 3402 et
513 3338 588 3421 suga
614 3338 672 3403 illa
700 3349 841 3418 testatur,
871 3359 937 3422 qna
971 3336 1057 3423 apud
1092 3337 1287 3403 Salaminam

334 3441 466 3526 turpiter
493 3439 608 3518 rictus,
638 3440 694 3525 qui
722 3451 772 3505 tot
800 3452 913 3522 gentes
949 3440 983 3503 in
1018 3441 1104 3505 bella
1132 3440 1288 3521 trahebat,

334 3555 371 3606 nt
389 3542 489 3607 duces
508 3563 575 3606 non
594 3553 728 3626 possent
746 3541 841 3606 facile
860 3542 1032 3617 numerari,
1048 3543 1104 3605 vix
1124 3563 1189 3606 una
1208 3562 1288 3608 nare

333 3643 442 3707 evasit
486 3641 597 3705 Fertur
619 3640 707 3705 enim
727 3640 813 3725 quod
834 3640 933 3705 duces
953 3642 1114 3705 exercitus
1135 3642 1204 3727 ejus
1222 3664 1288 3707 non

335 3742 537 3807 consueverit
558 3762 624 3826 pras
649 3741 853 3806 multitudine
877 3743 970 3806 aliter
990 3763 1169 3821 numerare,
1193 3765 1289 3827 quam

334 3844 471 3928 singulis
505 3843 577 3908 telis
612 3843 751 3928 receptis
780 3864 800 3907 a
833 3842 979 3924 singulis,
1008 3856 1045 3908 ut
1080 3865 1124 3907 ex
1157 3864 1289 3908 numero

334 3949 481 4024 telorum,
510 3945 631 4010 ducum
661 3966 790 4030 quoquc
818 3966 970 4010 numerus
1000 3957 1171 4011 teneretur.
1230 3943 1290 4011 Est

335 4059 440 4113 autem
463 4048 533 4112 dux
554 4068 788 4132 usquequaque
810 4047 946 4125 inutilis,
966 4048 1055 4132 apud
1077 4070 1172 4133 quem
1193 4047 1289 4112 disci·

335 4149 424 4234 plina
451 4171 519 4213 non
549 4149 656 4231 riget3
687 4159 720 4212 et
749 4145 865 4213 frustra
894 4162 1000 4233 sperat
1030 4149 1203 4222 victoriam,
1234 4147 1290 4229 qui

334 4253 460 4318 animos
468 4273 646 4335 manusque
659 4252 795 4316 militum
811 4249 940 4316 assidue
952 4273 1018 4314 nou
1030 4259 1167 4314 exercet
1193 4246 1291 4309 Miles

332 4356 461 4421 subitus
483 4355 591 4420 subito
614 4353 733 4420 deserit
755 4353 881 4431 ducem,
904 4364 936 4416 et
954 4354 1095 4417 laborem
1118 4348 1196 4411 serre
1219 4367 1284 4410 non

786 4473 807 4517 n
823 4460 843 4517 2
