3550 5467
411 756 474 812 226
666 762 803 808 Jonsnrs
819 760 1103 806 saassnsarsnsis
1198 743 1282 823 [ms.
1298 762 1358 807 viu.

417 915 526 1001 procul
553 930 613 991 est,
630 928 664 978 nt
691 912 846 977 barbariei
872 912 959 977 vitiis
980 910 1175 975 familiarius
1200 911 1253 988 sit,
1273 934 1358 997 quam

416 1019 488 1083 vitae
517 1017 613 1080 civili.
669 1014 833 1101 Siquidem
863 1015 1082 1078 conviviorum
1113 1012 1258 1078 civilium
1291 1015 1360 1079 ratio

415 1118 520 1183 media
547 1132 606 1197 est,
637 1133 672 1182 ut
702 1117 798 1182 etiam
835 1117 1038 1181 sobrietatem
1068 1115 1242 1191 exhilaret,
1270 1131 1301 1180 et
1334 1117 1359 1179 in

414 1221 559 1285 satietate
584 1218 749 1307 opulentia
773 1217 934 1304 crapulam
961 1217 1053 1283 vitet.
1101 1217 1189 1281 Nam
1216 1231 1246 1282 et
1273 1218 1360 1281 abun·

411 1322 552 1387 dentiam
576 1323 639 1387 cibi
662 1335 692 1386 et
717 1332 812 1405 potus
833 1319 941 1399 babet,
962 1334 995 1384 et
1022 1323 1118 1405 quasi
1142 1320 1247 1404 copioe
1271 1342 1358 1383 cornu

415 1423 600 1510 dispensans
618 1422 734 1498 omnia,
750 1421 794 1484 sic
814 1420 916 1506 parcit
937 1433 973 1485 ut
993 1421 1156 1498 effundat,
1173 1422 1219 1486 sic
1238 1421 1360 1485 effundit

416 1539 454 1591 ut
468 1539 589 1612 parcat,
604 1539 635 1590 et
656 1545 750 1611 quam
776 1522 870 1587 habet
893 1544 989 1608 penes
1008 1545 1042 1585 se
1063 1523 1222 1586 rationem
1241 1545 1302 1587 nou
1315 1545 1359 1586 ne

415 1625 510 1710 gligit
524 1625 666 1711 quidem,
682 1624 748 1700 sed,
765 1639 801 1686 ut
816 1622 861 1687 ait
874 1622 1104 1699 portunianus,
1121 1622 1205 1687 tides
1219 1625 1359 1688 rationem

415 1750 478 1791 non
508 1741 646 1793 ostentat
675 1725 835 1811 impensas.
881 1724 973 1790 Nihil
998 1727 1084 1789 enim
1117 1724 1285 1789 molestius
1311 1739 1360 1800 est,

417 1853 512 1915 quam
536 1830 561 1894 si
584 1829 709 1894 triclinii
732 1826 849 1914 praesul
871 1827 903 1889 in
926 1826 1075 1890 convivio
1095 1825 1210 1891 sedere
1230 1827 1362 1891 videatur

417 1930 458 1994 sd
488 1929 656 1994 calculum.
702 1927 798 1992 Unde
827 1949 889 1990 non
914 1925 991 1990 satis
1016 1925 1098 1990 mibi
1129 1925 1283 1991 ridentur
1306 1948 1362 1989 esse

416 2031 524 2095 civiles
546 2031 676 2116 quidam
700 2029 741 2093 de
763 2026 951 2091 liberalitate
975 2025 1086 2112 inepta
1110 2026 1298 2112 gloriantes,
1319 2030 1364 2113 qui

415 2129 549 2216 singulis
564 2133 711 2195 noctibus
726 2151 799 2194 cum
815 2128 913 2193 servis
928 2128 994 2192 suis
1008 2127 1169 2193 calculum
1191 2145 1324 2214 ponunt,
1337 2145 1364 2192 et

416 2232 502 2315 quod
527 2233 710 2296 effuderunt
736 2255 796 2296 usu
820 2230 868 2295 vel
892 2230 993 2294 abusu
1023 2229 1156 2307 diurno,
1178 2232 1272 2318 quasi
1298 2255 1364 2296 nor·

416 2333 520 2397 turnis
535 2332 695 2397 lachrimis
709 2331 838 2398 deflent.
881 2333 1101 2398 Suboriuntur
1115 2334 1203 2411 lites,
1217 2333 1364 2397 accedunt

418 2434 524 2513 minse,
542 2448 724 2518 arguuntur
747 2449 804 2499 aut
824 2434 916 2512 furti,
931 2447 989 2499 aut
1011 2434 1208 2521 insipientias
1229 2437 1320 2512 servi,
1337 2449 1365 2498 et

418 2538 508 2624 quasi
530 2560 563 2602 re
583 2536 663 2601 male
685 2538 918 2616 administrata,
935 2536 1109 2624 ejiciuntur
1128 2553 1162 2604 et
1183 2552 1368 2625 torquentur

418 2640 591 2717 interdum,
612 2640 805 2726 quandoque
824 2642 912 2726 quod
931 2638 1095 2704 effundere
1111 2638 1196 2725 jussi
1215 2655 1302 2714 sunt,
1324 2662 1367 2704 rc·

418 2743 553 2807 fundere
574 2741 820 2827 compelluntur:
851 2755 884 2805 et
910 2741 1025 2805 conscii
1053 2742 1230 2806 turbantur
1255 2764 1368 2817 omnes,

419 2845 496 2910 dum
518 2845 666 2909 dominus
687 2846 851 2931 pecuniam
876 2867 951 2930 quae
971 2844 1083 2920 evasit,
1100 2845 1247 2931 suspiriis
1264 2860 1297 2910 et
1316 2844 1369 2908 do-

420 2947 485 3010 lore
507 2950 719 3032 prosequitur.
758 2948 849 3032 Saepe
871 2947 969 3010 etiam
987 2946 1106 3024 evenit,
1129 2959 1166 3010 ut
1189 2947 1246 3031 qui
1268 2946 1308 3010 ad
1326 2969 1371 3011 re-

418 3048 538 3134 quisita
559 3063 682 3113 naturae
700 3049 861 3134 ingressus
880 3062 939 3126 est,
954 3047 1071 3111 ibidem
1094 3071 1164 3133 quo
1187 3048 1372 3113 verecundis

419 3150 505 3236 fugit
520 3151 693 3215 humanum
708 3163 880 3236 aspectum,
894 3171 968 3213 cum
981 3148 1133 3214 ministris
1141 3149 1370 3215 exactissimam

420 3264 607 3335 sumptuum
634 3251 753 3315 habent
778 3251 942 3314 rationem.
999 3253 1099 3314 Recte
1124 3250 1273 3335 quidem,
1300 3252 1373 3337 quis

420 3351 529 3414 nullus
558 3351 646 3416 locus
675 3350 846 3415 tractandis
875 3350 1023 3414 sordibus
1045 3350 1092 3413 eis
1119 3352 1222 3436 magis
1249 3352 1373 3417 videtur

419 3455 651 3518 accommodus.
697 3459 781 3518 Sana
804 3476 864 3517 non
885 3454 972 3540 quod
998 3452 1167 3517 sordidum
1187 3452 1372 3532 dixerim,ri

419 3550 556 3636 diligens
570 3555 798 3639 paterfamilias
817 3554 849 3618 id
870 3555 949 3640 agit,
966 3567 1002 3618 ut
1020 3554 1049 3617 ei
1071 3553 1152 3619 ratio
1172 3567 1298 3619 constet
1317 3555 1372 3618 im·

419 3676 539 3739 pensas:
571 3656 596 3718 si
622 3670 726 3720 tamen
753 3656 811 3720 hoc
834 3656 954 3741 gradus
978 3670 1034 3720 aut
1063 3655 1207 3741 dignitas
1232 3678 1372 3743 persone

420 3777 482 3818 non
503 3755 625 3819 adimit.
673 3758 734 3821 Sed
758 3759 789 3822 in
813 3779 851 3822 eo
871 3759 969 3823 vitam
990 3773 1102 3837 terere,
1122 3771 1155 3822 et
1180 3772 1250 3824 tota
1272 3772 1372 3824 mente

419 3859 548 3933 versari,
566 3872 597 3923 et
621 3859 663 3923 sic
684 3860 814 3945 quidem
837 3874 873 3926 ut
893 3862 974 3925 alius
991 3865 1044 3935 sit,
1059 3872 1092 3923 et
1115 3860 1199 3926 alius
1219 3862 1371 3939 videatur,

419 3989 616 4054 nequaquam
633 3969 770 4034 arbitror
784 3993 803 4032 a
822 3970 970 4034 sordibus
984 3970 1135 4035 alienum.
1182 3974 1230 4036 Et
1246 3971 1370 4058 quidem

417 4069 634 4134 conviviorum
649 4070 802 4146 civilium,
818 4084 898 4135 teste
914 4071 1122 4144 Portuniano,
1136 4071 1252 4155 regula
1265 4090 1324 4148 est,
1337 4084 1370 4134 ut

418 4172 467 4236 his
475 4171 648 4259 plurimum
663 4195 721 4258 pro
734 4194 818 4235 more
830 4171 1075 4256 condegentium
1087 4170 1192 4252 liceat,
1204 4173 1371 4238 sobrietate

418 4273 510 4337 hilari
525 4296 587 4336 non
603 4274 715 4336 soluta,
753 4274 834 4336 Nam
851 4273 1093 4337 conviventibus
1108 4273 1154 4335 sic
1169 4296 1291 4338 morem
1306 4272 1369 4360 geri

417 4388 554 4457 oportet,
569 4387 605 4438 ut
622 4375 747 4438 licentia
763 4373 865 4439 laetior
878 4396 1078 4460 nequaquam
1090 4375 1124 4436 in
1138 4375 1369 4460 turpitudinem
