3550 5467
409 768 480 815 car.
499 747 569 832 nn]
771 764 1024 814 rourcnsrrous
1304 746 1364 810 art

407 920 555 984 insanire.
603 920 714 1005 Hujus
735 941 812 1004 ergo
839 917 995 984 Phaedriae
1022 931 1054 982 et
1076 916 1210 982 Thaidis
1233 940 1269 980 ea
1291 939 1366 980 cou-

406 1023 527 1087 ditione
540 1022 672 1086 interest
684 1023 788 1086 verbis
801 1036 837 1087 ut
854 1022 939 1109 quod
953 1021 1086 1085 verbum
1100 1019 1235 1084 audierit
1250 1032 1364 1093 taceat,

405 1138 437 1190 et
466 1125 631 1188 contineat
660 1124 802 1209 optinre;
836 1124 883 1188 sin
916 1123 1031 1187 falsum
1061 1135 1118 1186 aut
1149 1144 1276 1200 vanum,
1306 1135 1363 1185 aut

410 1230 532 1303 fictum,
547 1227 702 1291 continuo
718 1225 821 1311 palam
838 1223 993 1290 effundit:

548 1333 644 1386 Plenus
656 1336 779 1386 rimarum
791 1341 840 1396 est,
852 1335 902 1386 hac
914 1340 993 1403 atque
1005 1332 1065 1386 illac
1078 1333 1167 1387 effluit.

409 1432 595 1514 Utrumque
610 1432 729 1514 arguit,
747 1430 860 1496 irridet
881 1443 1068 1515 utrumque,
1083 1430 1214 1515 quando
1228 1428 1361 1494 alterurn

408 1529 529 1604 fallere,
560 1529 697 1594 alterurn
728 1531 814 1595 videt
844 1532 1096 1594 irrevocabiliter
1119 1529 1265 1594 insanire.
1310 1529 1364 1595 Ait

408 1654 484 1717 ergo
499 1629 650 1695 exclusus
666 1644 697 1695 et
713 1655 843 1718 gemens
858 1655 925 1719 prae
941 1632 1067 1698 dolore:

657 1737 682 1791 Ο
695 1740 779 1792 Thais
791 1742 891 1792 utinam
904 1746 973 1793 esset
984 1740 1047 1792 mihi

441 1821 508 1876 Pars
519 1841 595 1894 aeqna
606 1827 700 1878 amoris
712 1832 807 1890 tecum,
819 1843 849 1877 ac
861 1827 957 1897 pariter
967 1825 1051 1890 fieret,
1063 1833 1094 1879 ut

442 1910 553 1962 Authoc
560 1911 608 1961 tibi
618 1909 726 1975 doleret,
735 1918 781 1962 aut
790 1928 840 1979 ego
850 1911 920 1962 istud
929 1910 976 1962 ahs
984 1917 1011 1964 te
1018 1910 1115 1964 sactum
1127 1910 1203 1964 nihili
1213 1911 1362 1983 penderem!

413 2003 463 2068 Ad
479 2003 549 2067 hoec
564 2003 680 2069 Thais:

445 2113 508 2166 Non
520 2116 642 2167 cruciate
655 2114 760 2167 obsecro
772 2114 858 2166 arrime
870 2115 907 2166 mi
920 2112 1049 2177 Phaedria,

444 2200 505 2252 Non
518 2200 561 2271 pol
573 2219 728 2270 quemquam
740 2199 798 2270 plus
810 2218 905 2264 amem,
918 2211 962 2252 aut
975 2199 1033 2268 plus
1047 2200 1164 2269 diligam,

444 2284 485 2338 Eo
496 2285 558 2350 feci,
570 2286 617 2338 sed
628 2287 666 2338 ita
678 2292 734 2338 erat
746 2303 796 2350 res,
808 2283 954 2338 faciendum
966 2283 1024 2338 fuit.

412 2379 511 2447 Plane

441 2490 531 2553 credo,
540 2490 625 2558 inquit
637 2489 775 2553 Parmeno,
786 2490 881 2552 misera
890 2505 944 2561 pree
955 2508 1041 2542 amore
1052 2489 1162 2543 exclusit
1174 2491 1243 2542 huno
1251 2489 1329 2543 sores

407 2583 494 2664 Quid
525 2584 648 2648 multa?
673 2585 713 2648 Id
743 2585 810 2667 agit
839 2584 967 2649 fallacia
994 2585 1180 2659 meretricis,
1210 2598 1248 2647 ut
1278 2604 1361 2648 nnus

407 2685 583 2751 amantium
600 2685 690 2749 alteri
707 2685 827 2771 priores
842 2700 948 2770 partes
968 2684 1059 2750 cedat
1075 2707 1132 2770 per
1147 2684 1269 2770 aliquot
1284 2682 1362 2762 dies,

405 2785 484 2850 dum
497 2785 637 2849 deterius
651 2787 748 2850 rebus
759 2787 881 2850 amissis
893 2799 1086 2870 emungatur
1099 2784 1262 2849 admissus.
1286 2787 1361 2850 Mos

404 2901 452 2952 est
477 2887 562 2952 enim
581 2888 741 2973 gerendus
768 2888 902 2968 Thaidi,
924 2911 1000 2974 quae
1022 2887 1213 2973 profusiores
1236 2903 1268 2951 et
1290 2909 1362 2972 per-

406 2989 538 3055 ditiores
560 2990 710 3057 admittit
757 2991 889 3056 Interim
915 2990 994 3076 qnid
1011 2990 1130 3054 donare
1152 3002 1282 3075 queant,
1305 3003 1362 3055 aut

407 3092 545 3168 mittere,
557 3092 677 3156 exclusi
689 3092 876 3158 deliberant.
923 3096 1006 3156 Nam
1019 3091 1204 3176 potissimus
1214 3103 1261 3154 cst
1273 3090 1362 3174 apud

405 3218 488 3272 eam,
527 3195 584 3282 qui
618 3196 789 3260 novissima
833 3195 944 3259 mittit.
1004 3194 1072 3258 Ubi
1110 3215 1185 3257 vero
1223 3193 1361 3277 priorem

406 3297 598 3372 emunxerit,
621 3296 703 3362 redit
725 3298 816 3373 alter,
839 3295 1034 3382 exclusoque
1052 3298 1169 3381 priore,
1190 3292 1318 3379 delegat
1332 3293 1361 3357 ei

405 3412 553 3465 moestam
573 3398 692 3463 doloris
707 3399 757 3462 sui
776 3399 983 3484 provinciam.
1031 3397 1152 3463 Insanit
1168 3419 1244 3482 ergo
1260 3395 1359 3474 miles,

406 3515 438 3566 et
448 3505 481 3565 in
489 3499 736 3585 impetudoloris
746 3499 852 3586 potius
863 3499 913 3564 vel
922 3499 1120 3565 moriendum
1131 3522 1197 3564 esse
1209 3499 1361 3576 decernit,

406 3623 504 3687 quam
521 3601 554 3664 in
577 3625 609 3665 se
631 3601 855 3666 contumeliam
872 3613 936 3665 tarn
959 3602 1115 3688 insignem
1130 3601 1274 3688 accipiat.
1298 3602 1361 3665 Fa·

409 3703 529 3767 miliam
545 3717 708 3779 convocat,
724 3703 865 3788 disponit
878 3703 1012 3782 bellum,
1027 3718 1059 3768 et
1075 3703 1285 3789 prostibulum
1298 3703 1362 3768 col·

408 3803 498 3869 lectis
510 3802 633 3868 viribus
643 3826 829 3888 expugnare
841 3805 992 3870 decernit.
1027 3804 1245 3888 Progreditur,
1257 3816 1363 3869 mente

407 3917 438 3967 et
451 3924 508 3968 ore
523 3904 660 3967 revolvit
673 3902 832 3987 injuriam.
879 3905 1041 3990 loquitur
1054 3902 1199 3988 grandia,
1222 3918 1254 3968 et
1269 3903 1363 3967 minis

405 4004 524 4069 fervet:
549 4004 603 4069 sed
615 4027 716 4091 quum
729 4002 768 4068 ad
780 4004 961 4070 conflictum
973 4006 1105 4082 accedit,
1116 4028 1237 4069 memor
1247 4005 1364 4067 amoris

407 4107 545 4193 pristini,
557 4119 753 4193 praeceptum
765 4107 876 4172 recolit
888 4108 1035 4182 militare,
1048 4130 1112 4192 quo
1124 4130 1164 4171 ex
1174 4104 1364 4170 auctoritate

407 4209 565 4295 Scipionis
580 4209 694 4295 liquet,
709 4210 787 4294 quia
798 4215 818 4243 “
833 4210 940 4273 omnia
956 4209 1046 4294 prius
1067 4206 1197 4272 consilio
1214 4203 1363 4288 experiri,

409 4332 508 4396 quam
522 4310 636 4373 arruis”
649 4311 821 4395 sapientem
835 4309 937 4375 decet.
966 4307 1124 4373 Thaidem
1136 4328 1213 4389 ergo
1224 4324 1312 4368 suam
1322 4327 1363 4368 ex

408 4425 503 4497 pacto
526 4411 571 4476 sic
586 4410 745 4487 convenit,
763 4412 838 4497 jure
853 4433 917 4476 non
934 4411 1056 4475 viribus
1070 4428 1176 4493 agens.
1221 4404 1365 4470 Primum

862 4534 882 4576 r
896 4520 916 4576 2
