3550 5467
395 708 461 767 ‘288
656 720 793 765 Joaaurs
809 719 1095 766 saansaaarausrs
1195 704 1279 783 [ara.
1295 723 1357 768 rm.

398 872 550 957 epulabar
571 871 715 958 quotidie
738 869 913 956 splendide,
937 885 1054 953 gustus
1083 894 1144 956 per
1170 876 1281 937 omnia
1303 873 1357 937 ele-

397 989 503 1038 menta
520 995 677 1058 quaerens,
694 972 907 1037 sollicitudine
926 974 1032 1039 multa
1052 975 1264 1051 contrahens,
1281 976 1355 1040 unde

395 1077 622 1139 conficerentur
644 1087 793 1149 stercora,
816 1088 873 1139 aut
897 1089 1009 1139 venter
1031 1075 1200 1143 distentus
1223 1078 1312 1142 facile
1323 1079 1353 1142 ia

395 1176 557 1240 libidinem
571 1176 775 1262 dispumaret.
803 1180 875 1241 Nou
887 1176 979 1253 dicit,
991 1177 1158 1243 induebar
1170 1203 1313 1267 purpura
1325 1196 1353 1246 et

393 1279 499 1364 bysso,
529 1301 664 1364 opereve
699 1278 868 1364 plumario,
897 1284 1051 1344 affectans
1088 1281 1179 1365 quod
1219 1283 1251 1347 in
1284 1283 1351 1347 locis

394 1402 470 1444 acus
499 1378 699 1466 complexum
728 1381 852 1466 pectine
881 1403 999 1456 serum,
1030 1382 1124 1447 falsis
1150 1384 1256 1448 inanis
1281 1383 1351 1449 vito

392 1482 531 1547 obduxit
552 1483 754 1568 imaginibus,
777 1497 809 1548 et
832 1483 974 1548 vestibus
994 1484 1164 1570 fulgebam
1182 1486 1348 1562 deauratis,

392 1584 607 1650 circumdatus
623 1587 784 1649 varietate.
831 1590 905 1650 Non
915 1585 1011 1665 dixit,
1026 1587 1067 1650 ad
1086 1610 1138 1651 me
1147 1587 1346 1653 confluebant

397 1687 539 1774 undique

552 1796 677 1857 Mendici,
689 1797 770 1860 animi,
781 1794 939 1857 balatrones,
950 1795 1000 1846 boc
1013 1813 1100 1862 genus
1108 1814 1198 1860 omne,

393 1907 558 1957 venatores
589 1892 729 1966 clamosi,
766 1889 934 1953 dulcorarii
966 1889 1148 1969 mendaces,
1181 1892 1346 1958 histriones

392 1997 477 2074 vani,
488 2008 519 2058 et
532 1993 659 2079 parasiti
675 1993 796 2065 edaces,
809 1992 991 2055 meretrices
1001 1992 1136 2071 dolosae,
1148 1994 1345 2081 rumigeruli,

389 2095 561 2180 falsiloqui,
583 2108 615 2158 et
641 2095 802 2171 relatores,
825 2109 880 2157 aut
904 2108 1108 2158 concentores
1130 2095 1275 2160 inanium
1301 2096 1344 2160 fa·

389 2200 547 2264 bularum.
595 2201 667 2261 Non
689 2197 778 2274 dicit,
793 2197 908 2272 leones,
927 2220 1017 2261 ursos
1035 2196 1159 2261 alebam
1182 2213 1214 2263 et
1231 2199 1343 2277 simias,

389 2315 421 2365 et
433 2298 616 2385 hujusmodi
629 2314 780 2376 monstra,
791 2317 848 2362 aut
861 2298 978 2385 probra
988 2312 1124 2363 naturae.
1152 2300 1242 2378 Quid
1251 2304 1343 2386 ergo?

390 2405 502 2466 Nonne
517 2401 585 2464 haec
606 2413 692 2479 sunt,
706 2399 826 2484 quibus
847 2415 965 2466 nostrae
985 2401 1091 2465 aetatis
1112 2401 1288 2467 liberalitas
1306 2402 1343 2465 il·

387 2502 563 2567 lustratur?
588 2501 745 2588 Nunquid
761 2502 828 2565 fere
842 2502 910 2566 sine
925 2502 973 2566 his
987 2503 1120 2587 largitas
1135 2525 1204 2567 esse
1219 2508 1339 2590 potest?

388 2609 561 2685 Humerus,
575 2604 692 2692 inquit,
708 2626 831 2669 measa
847 2606 1002 2689 junctura
1021 2627 1080 2669 sua
1099 2606 1207 2681 cadat,
1223 2620 1255 2670 et
1271 2607 1339 2669 bra·

384 2705 491 2769 chium
509 2727 613 2768 meum
629 2727 701 2767 cum
717 2703 841 2767 ossibus
855 2718 1050 2784 conteratur,
1065 2705 1091 2768 si
1113 2706 1239 2790 negavi,
1254 2705 1335 2792 quod

385 2807 545 2883 volebant,
562 2807 765 2893 pauperibus.
801 2807 834 2869 Si
844 2804 953 2869 oculos
968 2805 1075 2871 viduae
1086 2824 1258 2893 expectare
1266 2809 1335 2881 feci,

384 2912 410 2974 si
431 2909 553 2973 comedi
575 2907 747 2973 buccellam
766 2930 865 2970 meam
881 2909 977 2980 solus,
995 2920 1027 2972 et
1043 2931 1106 2971 nou
1126 2909 1266 2973 comedit
1281 2933 1337 2995 pu·

383 3011 479 3096 pillos
501 3031 541 3073 ex
564 3034 610 3073 ea.
657 3009 690 3074 Si
713 3007 790 3072 foris
811 3008 924 3072 mansit
946 3010 1146 3094 peregrinus,
1168 3023 1202 3074 et
1219 3013 1333 3075 ostium

381 3135 486 3176 meum
503 3135 564 3175 non
581 3111 687 3196 patuit
702 3110 824 3175 viatori.
871 3110 902 3174 Si
926 3110 1057 3196 despexi
1078 3126 1333 3198 praetereuntem,

380 3237 418 3277 eo
433 3212 519 3299 quod
540 3235 601 3275 non
623 3211 768 3275 habuerit
792 3210 1025 3290 indumentum,
1040 3226 1072 3276 et
1095 3213 1219 3300 absque
1232 3212 1334 3299 operi·

380 3330 487 3380 mento
510 3338 692 3403 pauperem.
739 3315 773 3379 Si
793 3335 854 3377 non
878 3313 1110 3379 benedixerunt
1132 3316 1212 3381 mihi
1236 3314 1332 3380 latera

377 3419 457 3503 ejus,
478 3430 508 3482 et
530 3417 571 3480 de
592 3417 762 3482 velleribus
783 3416 891 3481 ovium
914 3439 1055 3480 mearum
1079 3417 1254 3483 calefactus
1275 3432 1332 3482 est.

379 3523 462 3584 Uter
484 3520 542 3583 tibi
567 3519 714 3582 videatur
735 3516 906 3595 liberalior,
928 3515 990 3597 hic,
1012 3540 1052 3581 an
1078 3519 1255 3595 Antonius,
1278 3518 1332 3604 qui

377 3618 559 3682 liberalitati
586 3621 731 3684 satisfieri
755 3641 816 3682 nou
841 3639 933 3705 posse
958 3618 1105 3694 credidit,
1128 3620 1189 3683 nisi
1209 3620 1328 3705 gulam,

377 3733 411 3785 et
438 3719 537 3782 totius
567 3718 705 3783 luxuriae
733 3720 809 3783 vitia
837 3724 1040 3806 procuraret?
1080 3721 1233 3785 Vides-ne
1257 3723 1332 3808 quia

377 3817 546 3904 multiplici
567 3832 674 3903 potest
696 3821 747 3882 via
769 3822 912 3887 avaritiae
934 3819 1070 3907 suspicio
1092 3820 1263 3907 frugaliter
1281 3821 1334 3886 de·

374 3921 504 3985 clinari?
540 3921 779 4004 Hospitalitatis
793 3923 912 3989 bonum
928 3925 1128 3989 commendat
1146 3925 1329 4012 Apostolus,

375 4047 432 4112 per
454 4023 540 4111 quod
561 4027 632 4087 Deo
651 4022 731 4087 adeo
754 4023 883 4091 officiosi
907 4027 1046 4113 hospites
1067 4026 1272 4112 placuerunt,
1292 4041 1326 4090 ut

372 4129 468 4192 etiam
481 4124 608 4211 angelos
621 4125 759 4211 hospitio
771 4127 909 4213 recipere
921 4142 1129 4192 mererentur.
1165 4130 1325 4195 Abraham

371 4228 636 4293 descendentibus
661 4226 692 4289 in
721 4230 772 4291 via
802 4229 878 4292 viris
907 4229 1055 4305 occurrit,
1082 4243 1115 4293 et
1142 4228 1327 4294 exercende

374 4329 572 4395 liberalitatis
601 4342 715 4413 optans
744 4330 893 4412 gratiam,
919 4328 1047 4412 angelos
1074 4328 1105 4390 in
1137 4328 1327 4416 hospitium,
