<?xml version="1.0" encoding="UTF-8"?>
<!DOCTYPE html PUBLIC "-//W3C//DTD XHTML 1.0 Transitional//EN"
    "http://www.w3.org/TR/xhtml1/DTD/xhtml1-transitional.dtd">
<html xmlns="http://www.w3.org/1999/xhtml" xml:lang="en" lang="en">
 <head>
  <title>
</title>
<meta http-equiv="Content-Type" content="text/html;charset=utf-8" />
  <meta name='ocr-system' content='tesseract 3.04.00' />
  <meta name='ocr-capabilities' content='ocr_page ocr_carea ocr_par ocr_line ocrx_word'/>
</head>
<body>
  <div class='ocr_page' id='page_1' title='image "./joannissaresber17johngoog_0163.png"; bbox 0 0 3550 5467; ppageno 0'>
   <div class='ocr_carea' id='block_1_1' title="bbox 405 733 1369 812">
    <p class='ocr_par' dir='ltr' id='par_1_1' title="bbox 405 733 1369 812">
     <span class='ocr_line' id='line_1_1' title="bbox 405 733 1369 812; baseline 0 -15"><span class='ocrx_word' id='word_1_1' title='bbox 405 753 474 797; x_wconf 73' lang='lat' dir='ltr'>car.</span> <span class='ocrx_word' id='word_1_2' title='bbox 491 733 583 812; x_wconf 68' lang='lat' dir='ltr'>arn]</span> <span class='ocrx_word' id='word_1_3' title='bbox 767 749 1024 794; x_wconf 74' lang='lat' dir='ltr'>rorncnnrrcns.</span> <span class='ocrx_word' id='word_1_4' title='bbox 1310 738 1369 797; x_wconf 79' lang='grc'>153</span> 
     </span>
    </p>
   </div>
   <div class='ocr_carea' id='block_1_2' title="bbox 402 899 1369 4237">
    <p class='ocr_par' dir='ltr' id='par_1_2' title="bbox 402 899 1369 4237">
     <span class='ocr_line' id='line_1_2' title="bbox 406 899 1366 987; baseline 0 -22"><span class='ocrx_word' id='word_1_5' title='bbox 406 916 478 966; x_wconf 90' lang='lat' dir='ltr'>sunt</span> <span class='ocrx_word' id='word_1_6' title='bbox 496 915 651 977; x_wconf 89' lang='lat' dir='ltr'>rectores,</span> <span class='ocrx_word' id='word_1_7' title='bbox 667 921 764 986; x_wconf 93' lang='lat' dir='ltr'>quam</span> <span class='ocrx_word' id='word_1_8' title='bbox 779 899 824 964; x_wconf 89' lang='lat' dir='ltr'>illi</span> <span class='ocrx_word' id='word_1_9' title='bbox 842 923 923 985; x_wconf 89' lang='lat' dir='ltr'>quos</span> <span class='ocrx_word' id='word_1_10' title='bbox 947 914 1073 984; x_wconf 82' lang='lat' dir='ltr'>regunt.</span> <span class='ocrx_word' id='word_1_11' title='bbox 1119 900 1200 963; x_wconf 89' lang='lat' dir='ltr'>Nam</span> <span class='ocrx_word' id='word_1_12' title='bbox 1220 903 1278 987; x_wconf 92' lang='lat' dir='ltr'>qui</span> <span class='ocrx_word' id='word_1_13' title='bbox 1300 903 1366 986; x_wconf 81' lang='lat' dir='ltr'>regi</span> 
     </span>
     <span class='ocr_line' id='line_1_3' title="bbox 404 1003 1367 1090; baseline -0.001 -23"><span class='ocrx_word' id='word_1_14' title='bbox 404 1004 501 1069; x_wconf 86' lang='lat' dir='ltr'>velint</span> <span class='ocrx_word' id='word_1_15' title='bbox 520 1003 678 1090; x_wconf 86' lang='lat' dir='ltr'>perpauci</span> <span class='ocrx_word' id='word_1_16' title='bbox 690 1015 775 1076; x_wconf 87' lang='lat' dir='ltr'>sunt,</span> <span class='ocrx_word' id='word_1_17' title='bbox 793 1025 894 1088; x_wconf 90' lang='lat' dir='ltr'>quum</span> <span class='ocrx_word' id='word_1_18' title='bbox 910 1003 1048 1089; x_wconf 90' lang='lat' dir='ltr'>quisque</span> <span class='ocrx_word' id='word_1_19' title='bbox 1061 1017 1096 1067; x_wconf 90' lang='lat' dir='ltr'>ut</span> <span class='ocrx_word' id='word_1_20' title='bbox 1109 1003 1327 1088; x_wconf 81' lang='lat' dir='ltr'>emancipetur</span> <span class='ocrx_word' id='word_1_21' title='bbox 1347 1027 1367 1066; x_wconf 90' lang='lat' dir='ltr'>a</span> 
     </span>
     <span class='ocr_line' id='line_1_4' title="bbox 402 1104 1367 1192; baseline -0.002 -21"><span class='ocrx_word' id='word_1_22' title='bbox 402 1111 484 1192; x_wconf 83' lang='lat' dir='ltr'>jugo</span> <span class='ocrx_word' id='word_1_23' title='bbox 499 1108 636 1171; x_wconf 89' lang='lat' dir='ltr'>rectoris</span> <span class='ocrx_word' id='word_1_24' title='bbox 649 1104 781 1191; x_wconf 91' lang='lat' dir='ltr'>proprii,</span> <span class='ocrx_word' id='word_1_25' title='bbox 798 1106 873 1169; x_wconf 90' lang='lat' dir='ltr'>totis</span> <span class='ocrx_word' id='word_1_26' title='bbox 885 1105 1008 1168; x_wconf 88' lang='lat' dir='ltr'>viribus</span> <span class='ocrx_word' id='word_1_27' title='bbox 1019 1118 1153 1189; x_wconf 87' lang='lat' dir='ltr'>quaerat.</span> <span class='ocrx_word' id='word_1_28' title='bbox 1193 1106 1367 1191; x_wconf 82' lang='lat' dir='ltr'>Pririlegio</span> 
     </span>
     <span class='ocr_line' id='line_1_5' title="bbox 406 1205 1367 1294; baseline -0.001 -23"><span class='ocrx_word' id='word_1_29' title='bbox 406 1206 566 1294; x_wconf 84' lang='lat' dir='ltr'>siquidem</span> <span class='ocrx_word' id='word_1_30' title='bbox 584 1206 778 1292; x_wconf 79' lang='lat' dir='ltr'>Apostolico,</span> <span class='ocrx_word' id='word_1_31' title='bbox 795 1220 850 1270; x_wconf 90' lang='lat' dir='ltr'>ant</span> <span class='ocrx_word' id='word_1_32' title='bbox 867 1206 954 1292; x_wconf 87' lang='lat' dir='ltr'>regio</span> <span class='ocrx_word' id='word_1_33' title='bbox 970 1219 1141 1292; x_wconf 83' lang='lat' dir='ltr'>praecepto,</span> <span class='ocrx_word' id='word_1_34' title='bbox 1158 1205 1287 1290; x_wconf 80' lang='lat' dir='ltr'>plurimi</span> <span class='ocrx_word' id='word_1_35' title='bbox 1304 1207 1367 1270; x_wconf 88' lang='lat' dir='ltr'>tuti</span> 
     </span>
     <span class='ocr_line' id='line_1_6' title="bbox 407 1305 1366 1392; baseline -0.002 -20"><span class='ocrx_word' id='word_1_36' title='bbox 407 1322 493 1387; x_wconf 90' lang='lat' dir='ltr'>sunt,</span> <span class='ocrx_word' id='word_1_37' title='bbox 524 1329 564 1370; x_wconf 89' lang='lat' dir='ltr'>ne</span> <span class='ocrx_word' id='word_1_38' title='bbox 589 1306 755 1392; x_wconf 89' lang='lat' dir='ltr'>judicibus</span> <span class='ocrx_word' id='word_1_39' title='bbox 786 1307 850 1370; x_wconf 91' lang='lat' dir='ltr'>suis</span> <span class='ocrx_word' id='word_1_40' title='bbox 879 1307 1114 1391; x_wconf 84' lang='lat' dir='ltr'>obtemperent,</span> <span class='ocrx_word' id='word_1_41' title='bbox 1141 1330 1180 1370; x_wconf 89' lang='lat' dir='ltr'>ne</span> <span class='ocrx_word' id='word_1_42' title='bbox 1206 1305 1366 1391; x_wconf 81' lang='lat' dir='ltr'>justitiam</span> 
     </span>
     <span class='ocr_line' id='line_1_7' title="bbox 406 1407 1368 1500; baseline 0.005 -27"><span class='ocrx_word' id='word_1_43' title='bbox 406 1410 540 1487; x_wconf 85' lang='lat' dir='ltr'>faciant,</span> <span class='ocrx_word' id='word_1_44' title='bbox 568 1432 606 1471; x_wconf 91' lang='lat' dir='ltr'>ne</span> <span class='ocrx_word' id='word_1_45' title='bbox 633 1408 695 1493; x_wconf 87' lang='lat' dir='ltr'>legi</span> <span class='ocrx_word' id='word_1_46' title='bbox 723 1407 783 1471; x_wconf 92' lang='lat' dir='ltr'>Dei</span> <span class='ocrx_word' id='word_1_47' title='bbox 811 1409 945 1493; x_wconf 85' lang='lat' dir='ltr'>subjecti</span> <span class='ocrx_word' id='word_1_48' title='bbox 970 1409 1042 1471; x_wconf 90' lang='lat' dir='ltr'>sint.</span> <span class='ocrx_word' id='word_1_49' title='bbox 1071 1410 1144 1500; x_wconf 83' lang='lat' dir='ltr'>Non</span> <span class='ocrx_word' id='word_1_50' title='bbox 1171 1412 1368 1494; x_wconf 89' lang='lat' dir='ltr'>reprehendo</span> 
     </span>
     <span class='ocr_line' id='line_1_8' title="bbox 405 1510 1369 1597; baseline 0.002 -20"><span class='ocrx_word' id='word_1_51' title='bbox 405 1512 607 1577; x_wconf 86' lang='lat' dir='ltr'>clementiam</span> <span class='ocrx_word' id='word_1_52' title='bbox 632 1511 822 1596; x_wconf 79' lang='lat' dir='ltr'>Apostolicae</span> <span class='ocrx_word' id='word_1_53' title='bbox 843 1511 937 1589; x_wconf 87' lang='lat' dir='ltr'>sedis,</span> <span class='ocrx_word' id='word_1_54' title='bbox 958 1511 1012 1574; x_wconf 91' lang='lat' dir='ltr'>sed</span> <span class='ocrx_word' id='word_1_55' title='bbox 1035 1511 1115 1574; x_wconf 90' lang='lat' dir='ltr'>hanc</span> <span class='ocrx_word' id='word_1_56' title='bbox 1139 1510 1369 1597; x_wconf 84' lang='lat' dir='ltr'>indulgentiam</span> 
     </span>
     <span class='ocr_line' id='line_1_9' title="bbox 405 1612 1367 1700; baseline 0.002 -21"><span class='ocrx_word' id='word_1_57' title='bbox 405 1616 486 1700; x_wconf 92' lang='lat' dir='ltr'>ejus,</span> <span class='ocrx_word' id='word_1_58' title='bbox 503 1614 657 1678; x_wconf 85' lang='lat' dir='ltr'>Ecclesiae</span> <span class='ocrx_word' id='word_1_59' title='bbox 675 1613 733 1677; x_wconf 88' lang='lat' dir='ltr'>Dei</span> <span class='ocrx_word' id='word_1_60' title='bbox 749 1635 811 1676; x_wconf 90' lang='lat' dir='ltr'>oon</span> <span class='ocrx_word' id='word_1_61' title='bbox 828 1614 966 1677; x_wconf 84' lang='lat' dir='ltr'>arbitror</span> <span class='ocrx_word' id='word_1_62' title='bbox 988 1612 1150 1698; x_wconf 85' lang='lat' dir='ltr'>expedire.</span> <span class='ocrx_word' id='word_1_63' title='bbox 1196 1613 1286 1678; x_wconf 90' lang='lat' dir='ltr'>Nihil</span> <span class='ocrx_word' id='word_1_64' title='bbox 1305 1618 1367 1681; x_wconf 88' lang='lat' dir='ltr'>tale</span> 
     </span>
     <span class='ocr_line' id='line_1_10' title="bbox 407 1713 1367 1801; baseline 0.001 -20"><span class='ocrx_word' id='word_1_65' title='bbox 407 1718 439 1781; x_wconf 90' lang='lat' dir='ltr'>io</span> <span class='ocrx_word' id='word_1_66' title='bbox 469 1716 525 1780; x_wconf 89' lang='lat' dir='ltr'>illa</span> <span class='ocrx_word' id='word_1_67' title='bbox 550 1716 689 1801; x_wconf 86' lang='lat' dir='ltr'>gloriosa</span> <span class='ocrx_word' id='word_1_68' title='bbox 715 1714 835 1778; x_wconf 86' lang='lat' dir='ltr'>familia</span> <span class='ocrx_word' id='word_1_69' title='bbox 860 1714 979 1779; x_wconf 84' lang='lat' dir='ltr'>Christi</span> <span class='ocrx_word' id='word_1_70' title='bbox 1008 1713 1154 1797; x_wconf 85' lang='lat' dir='ltr'>legimus,</span> <span class='ocrx_word' id='word_1_71' title='bbox 1178 1715 1250 1781; x_wconf 87' lang='lat' dir='ltr'>licet</span> <span class='ocrx_word' id='word_1_72' title='bbox 1278 1732 1309 1781; x_wconf 86' lang='lat' dir='ltr'>et</span> <span class='ocrx_word' id='word_1_73' title='bbox 1334 1719 1367 1782; x_wconf 92' lang='lat' dir='ltr'>in</span> 
     </span>
     <span class='ocr_line' id='line_1_11' title="bbox 406 1813 1369 1899; baseline 0.001 -18"><span class='ocrx_word' id='word_1_74' title='bbox 406 1818 470 1881; x_wconf 87' lang='lat' dir='ltr'>illis</span> <span class='ocrx_word' id='word_1_75' title='bbox 495 1814 659 1880; x_wconf 87' lang='lat' dir='ltr'>contentio</span> <span class='ocrx_word' id='word_1_76' title='bbox 684 1814 769 1878; x_wconf 86' lang='lat' dir='ltr'>sacta</span> <span class='ocrx_word' id='word_1_77' title='bbox 796 1814 848 1890; x_wconf 90' lang='lat' dir='ltr'>sit,</span> <span class='ocrx_word' id='word_1_78' title='bbox 876 1813 949 1899; x_wconf 89' lang='lat' dir='ltr'>quis</span> <span class='ocrx_word' id='word_1_79' title='bbox 976 1835 1085 1876; x_wconf 91' lang='lat' dir='ltr'>eornm</span> <span class='ocrx_word' id='word_1_80' title='bbox 1114 1814 1275 1880; x_wconf 81' lang='lat' dir='ltr'>videretur</span> <span class='ocrx_word' id='word_1_81' title='bbox 1302 1842 1369 1882; x_wconf 89' lang='lat' dir='ltr'>esse</span> 
     </span>
     <span class='ocr_line' id='line_1_12' title="bbox 407 1915 1369 2005; baseline -0.001 -22"><span class='ocrx_word' id='word_1_82' title='bbox 407 1920 520 2004; x_wconf 83' lang='lat' dir='ltr'>major.</span> <span class='ocrx_word' id='word_1_83' title='bbox 566 1915 698 1981; x_wconf 89' lang='lat' dir='ltr'>Nullam</span> <span class='ocrx_word' id='word_1_84' title='bbox 715 1915 1001 2001; x_wconf 82' lang='lat' dir='ltr'>emancipationem</span> <span class='ocrx_word' id='word_1_85' title='bbox 1019 1915 1204 1999; x_wconf 88' lang='lat' dir='ltr'>hujusmodi</span> <span class='ocrx_word' id='word_1_86' title='bbox 1221 1920 1261 1982; x_wconf 92' lang='lat' dir='ltr'>ab</span> <span class='ocrx_word' id='word_1_87' title='bbox 1278 1923 1369 2005; x_wconf 88' lang='lat' dir='ltr'>Apo·</span> 
     </span>
     <span class='ocr_line' id='line_1_13' title="bbox 409 2016 1367 2093; baseline 0.003 -10"><span class='ocrx_word' id='word_1_88' title='bbox 409 2020 500 2085; x_wconf 87' lang='lat' dir='ltr'>stolis</span> <span class='ocrx_word' id='word_1_89' title='bbox 520 2019 637 2083; x_wconf 80' lang='lat' dir='ltr'>factam</span> <span class='ocrx_word' id='word_1_90' title='bbox 657 2018 866 2093; x_wconf 87' lang='lat' dir='ltr'>meminimus,</span> <span class='ocrx_word' id='word_1_91' title='bbox 884 2016 957 2081; x_wconf 87' lang='lat' dir='ltr'>lieet</span> <span class='ocrx_word' id='word_1_92' title='bbox 980 2016 1115 2083; x_wconf 89' lang='lat' dir='ltr'>Paulum</span> <span class='ocrx_word' id='word_1_93' title='bbox 1132 2032 1163 2083; x_wconf 89' lang='lat' dir='ltr'>et</span> <span class='ocrx_word' id='word_1_94' title='bbox 1190 2021 1367 2087; x_wconf 89' lang='lat' dir='ltr'>Bamabam</span> 
     </span>
     <span class='ocr_line' id='line_1_14' title="bbox 406 2116 1368 2186; baseline 0.003 -3"><span class='ocrx_word' id='word_1_95' title='bbox 406 2118 605 2183; x_wconf 82' lang='lat' dir='ltr'>audierimus</span> <span class='ocrx_word' id='word_1_96' title='bbox 631 2118 672 2181; x_wconf 89' lang='lat' dir='ltr'>ab</span> <span class='ocrx_word' id='word_1_97' title='bbox 698 2117 832 2180; x_wconf 88' lang='lat' dir='ltr'>invicem</span> <span class='ocrx_word' id='word_1_98' title='bbox 858 2116 1047 2183; x_wconf 78' lang='lat' dir='ltr'>discessisse.</span> <span class='ocrx_word' id='word_1_99' title='bbox 1093 2118 1225 2184; x_wconf 92' lang='lat' dir='ltr'>anlam</span> <span class='ocrx_word' id='word_1_100' title='bbox 1251 2122 1283 2185; x_wconf 92' lang='lat' dir='ltr'>in</span> <span class='ocrx_word' id='word_1_101' title='bbox 1314 2122 1368 2186; x_wconf 90' lang='lat' dir='ltr'>illa</span> 
     </span>
     <span class='ocr_line' id='line_1_15' title="bbox 407 2221 1367 2307; baseline -0.001 -19"><span class='ocrx_word' id='word_1_102' title='bbox 407 2245 547 2307; x_wconf 89' lang='lat' dir='ltr'>superna</span> <span class='ocrx_word' id='word_1_103' title='bbox 565 2221 705 2295; x_wconf 84' lang='lat' dir='ltr'>civitate,</span> <span class='ocrx_word' id='word_1_104' title='bbox 722 2242 796 2303; x_wconf 78' lang='lat' dir='ltr'>quae</span> <span class='ocrx_word' id='word_1_105' title='bbox 817 2241 941 2283; x_wconf 93' lang='lat' dir='ltr'>sursum</span> <span class='ocrx_word' id='word_1_106' title='bbox 965 2233 1012 2284; x_wconf 87' lang='lat' dir='ltr'>est</span> <span class='ocrx_word' id='word_1_107' title='bbox 1036 2234 1136 2284; x_wconf 92' lang='lat' dir='ltr'>mater</span> <span class='ocrx_word' id='word_1_108' title='bbox 1157 2238 1275 2302; x_wconf 90' lang='lat' dir='ltr'>nostra,</span> <span class='ocrx_word' id='word_1_109' title='bbox 1292 2247 1367 2289; x_wconf 89' lang='lat' dir='ltr'>con-</span> 
     </span>
     <span class='ocr_line' id='line_1_16' title="bbox 407 2321 1368 2401; baseline 0.002 -13"><span class='ocrx_word' id='word_1_110' title='bbox 407 2323 609 2388; x_wconf 87' lang='lat' dir='ltr'>tradictionis</span> <span class='ocrx_word' id='word_1_111' title='bbox 631 2321 793 2385; x_wconf 88' lang='lat' dir='ltr'>materiam</span> <span class='ocrx_word' id='word_1_112' title='bbox 817 2321 985 2401; x_wconf 86' lang='lat' dir='ltr'>credimus,</span> <span class='ocrx_word' id='word_1_113' title='bbox 1000 2323 1055 2386; x_wconf 91' lang='lat' dir='ltr'>sed</span> <span class='ocrx_word' id='word_1_114' title='bbox 1079 2344 1136 2385; x_wconf 88' lang='lat' dir='ltr'>nec</span> <span class='ocrx_word' id='word_1_115' title='bbox 1156 2323 1208 2390; x_wconf 91' lang='lat' dir='ltr'>hic</span> <span class='ocrx_word' id='word_1_116' title='bbox 1227 2348 1294 2390; x_wconf 90' lang='lat' dir='ltr'>esse</span> <span class='ocrx_word' id='word_1_117' title='bbox 1314 2327 1368 2390; x_wconf 89' lang='lat' dir='ltr'>de-</span> 
     </span>
     <span class='ocr_line' id='line_1_17' title="bbox 409 2422 1367 2508; baseline 0.002 -18"><span class='ocrx_word' id='word_1_118' title='bbox 409 2428 494 2505; x_wconf 86' lang='lat' dir='ltr'>bere,</span> <span class='ocrx_word' id='word_1_119' title='bbox 509 2425 570 2489; x_wconf 90' lang='lat' dir='ltr'>nisi</span> <span class='ocrx_word' id='word_1_120' title='bbox 588 2423 810 2507; x_wconf 86' lang='lat' dir='ltr'>urgentissima</span> <span class='ocrx_word' id='word_1_121' title='bbox 825 2423 906 2486; x_wconf 90' lang='lat' dir='ltr'>ratio</span> <span class='ocrx_word' id='word_1_122' title='bbox 918 2422 1049 2508; x_wconf 85' lang='lat' dir='ltr'>flagitet.</span> <span class='ocrx_word' id='word_1_123' title='bbox 1086 2426 1135 2487; x_wconf 89' lang='lat' dir='ltr'>De</span> <span class='ocrx_word' id='word_1_124' title='bbox 1151 2426 1199 2490; x_wconf 90' lang='lat' dir='ltr'>his</span> <span class='ocrx_word' id='word_1_125' title='bbox 1214 2427 1295 2491; x_wconf 88' lang='lat' dir='ltr'>enim</span> <span class='ocrx_word' id='word_1_126' title='bbox 1315 2429 1367 2507; x_wconf 91' lang='lat' dir='ltr'>(ut</span> 
     </span>
     <span class='ocr_line' id='line_1_18' title="bbox 406 2526 1367 2615; baseline 0.001 -23"><span class='ocrx_word' id='word_1_127' title='bbox 406 2551 484 2615; x_wconf 86' lang='lat' dir='ltr'>pace</span> <span class='ocrx_word' id='word_1_128' title='bbox 508 2526 737 2602; x_wconf 87' lang='lat' dir='ltr'>multitudinis,</span> <span class='ocrx_word' id='word_1_129' title='bbox 753 2542 786 2592; x_wconf 92' lang='lat' dir='ltr'>et</span> <span class='ocrx_word' id='word_1_130' title='bbox 805 2548 914 2589; x_wconf 89' lang='lat' dir='ltr'>eorum</span> <span class='ocrx_word' id='word_1_131' title='bbox 939 2527 995 2611; x_wconf 92' lang='lat' dir='ltr'>qui</span> <span class='ocrx_word' id='word_1_132' title='bbox 1017 2526 1101 2591; x_wconf 91' lang='lat' dir='ltr'>illins</span> <span class='ocrx_word' id='word_1_133' title='bbox 1124 2531 1229 2594; x_wconf 88' lang='lat' dir='ltr'>fovent</span> <span class='ocrx_word' id='word_1_134' title='bbox 1250 2530 1367 2615; x_wconf 88' lang='lat' dir='ltr'>iniqui·</span> 
     </span>
     <span class='ocr_line' id='line_1_19' title="bbox 407 2628 1367 2715; baseline -0.001 -20"><span class='ocrx_word' id='word_1_135' title='bbox 407 2646 519 2707; x_wconf 84' lang='lat' dir='ltr'>tatem,</span> <span class='ocrx_word' id='word_1_136' title='bbox 532 2629 660 2715; x_wconf 87' lang='lat' dir='ltr'>loquar)</span> <span class='ocrx_word' id='word_1_137' title='bbox 677 2628 781 2693; x_wconf 89' lang='lat' dir='ltr'>dicam</span> <span class='ocrx_word' id='word_1_138' title='bbox 799 2629 886 2714; x_wconf 89' lang='lat' dir='ltr'>quod</span> <span class='ocrx_word' id='word_1_139' title='bbox 904 2629 1015 2704; x_wconf 90' lang='lat' dir='ltr'>sentio,</span> <span class='ocrx_word' id='word_1_140' title='bbox 1031 2651 1069 2691; x_wconf 91' lang='lat' dir='ltr'>ne</span> <span class='ocrx_word' id='word_1_141' title='bbox 1085 2629 1162 2714; x_wconf 90' lang='lat' dir='ltr'>quid</span> <span class='ocrx_word' id='word_1_142' title='bbox 1180 2630 1367 2694; x_wconf 90' lang='lat' dir='ltr'>subtraham</span> 
     </span>
     <span class='ocr_line' id='line_1_20' title="bbox 408 2727 1368 2815; baseline 0.001 -21"><span class='ocrx_word' id='word_1_143' title='bbox 408 2731 550 2808; x_wconf 86' lang='lat' dir='ltr'>veritati,</span> <span class='ocrx_word' id='word_1_144' title='bbox 571 2743 629 2795; x_wconf 91' lang='lat' dir='ltr'>aut</span> <span class='ocrx_word' id='word_1_145' title='bbox 651 2729 884 2815; x_wconf 87' lang='lat' dir='ltr'>probabilitati.</span> <span class='ocrx_word' id='word_1_146' title='bbox 931 2727 1013 2791; x_wconf 89' lang='lat' dir='ltr'>Dico</span> <span class='ocrx_word' id='word_1_147' title='bbox 1035 2750 1112 2810; x_wconf 86' lang='lat' dir='ltr'>ergo</span> <span class='ocrx_word' id='word_1_148' title='bbox 1134 2729 1219 2813; x_wconf 92' lang='lat' dir='ltr'>quod</span> <span class='ocrx_word' id='word_1_149' title='bbox 1243 2730 1368 2795; x_wconf 90' lang='lat' dir='ltr'>indubi-</span> 
     </span>
     <span class='ocr_line' id='line_1_21' title="bbox 408 2830 1368 2919; baseline -0.003 -20"><span class='ocrx_word' id='word_1_150' title='bbox 408 2848 513 2899; x_wconf 88' lang='lat' dir='ltr'>tanter</span> <span class='ocrx_word' id='word_1_151' title='bbox 537 2832 645 2910; x_wconf 93' lang='lat' dir='ltr'>credo,</span> <span class='ocrx_word' id='word_1_152' title='bbox 660 2830 746 2919; x_wconf 90' lang='lat' dir='ltr'>quod</span> <span class='ocrx_word' id='word_1_153' title='bbox 767 2832 812 2907; x_wconf 91' lang='lat' dir='ltr'>hi,</span> <span class='ocrx_word' id='word_1_154' title='bbox 828 2835 883 2916; x_wconf 90' lang='lat' dir='ltr'>qui</span> <span class='ocrx_word' id='word_1_155' title='bbox 903 2830 1053 2893; x_wconf 87' lang='lat' dir='ltr'>efferente</span> <span class='ocrx_word' id='word_1_156' title='bbox 1074 2830 1235 2915; x_wconf 89' lang='lat' dir='ltr'>snperbia,</span> <span class='ocrx_word' id='word_1_157' title='bbox 1256 2832 1368 2916; x_wconf 83' lang='lat' dir='ltr'>hujus·</span> 
     </span>
     <span class='ocr_line' id='line_1_22' title="bbox 409 2930 1365 3019; baseline -0.005 -19"><span class='ocrx_word' id='word_1_158' title='bbox 409 2936 496 3000; x_wconf 89' lang='lat' dir='ltr'>modi</span> <span class='ocrx_word' id='word_1_159' title='bbox 522 2931 789 3019; x_wconf 92' lang='lat' dir='ltr'>emancipationes</span> <span class='ocrx_word' id='word_1_160' title='bbox 812 2942 1011 3017; x_wconf 88' lang='lat' dir='ltr'>quaernnt,a</span> <span class='ocrx_word' id='word_1_161' title='bbox 1033 2932 1154 2992; x_wconf 89' lang='lat' dir='ltr'>cervice</span> <span class='ocrx_word' id='word_1_162' title='bbox 1175 2952 1232 2993; x_wconf 90' lang='lat' dir='ltr'>sna</span> <span class='ocrx_word' id='word_1_163' title='bbox 1250 2930 1365 3015; x_wconf 82' lang='lat' dir='ltr'>jugum</span> 
     </span>
     <span class='ocr_line' id='line_1_23' title="bbox 408 3034 1367 3122; baseline -0.007 -17"><span class='ocrx_word' id='word_1_164' title='bbox 408 3038 544 3112; x_wconf 83' lang='lat' dir='ltr'>Christi,</span> <span class='ocrx_word' id='word_1_165' title='bbox 559 3050 591 3101; x_wconf 95' lang='lat' dir='ltr'>et</span> <span class='ocrx_word' id='word_1_166' title='bbox 606 3035 706 3122; x_wconf 89' lang='lat' dir='ltr'>patris</span> <span class='ocrx_word' id='word_1_167' title='bbox 718 3036 797 3121; x_wconf 87' lang='lat' dir='ltr'>ejus,</span> <span class='ocrx_word' id='word_1_168' title='bbox 812 3035 836 3096; x_wconf 92' lang='lat' dir='ltr'>si</span> <span class='ocrx_word' id='word_1_169' title='bbox 854 3034 920 3097; x_wconf 87' lang='lat' dir='ltr'>fieri</span> <span class='ocrx_word' id='word_1_170' title='bbox 933 3045 1050 3118; x_wconf 89' lang='lat' dir='ltr'>posset,</span> <span class='ocrx_word' id='word_1_171' title='bbox 1059 3045 1251 3097; x_wconf 87' lang='lat' dir='ltr'>excuterem.</span> <span class='ocrx_word' id='word_1_172' title='bbox 1288 3035 1367 3099; x_wconf 89' lang='lat' dir='ltr'>Plus</span> 
     </span>
     <span class='ocr_line' id='line_1_24' title="bbox 408 3134 1367 3222; baseline -0.003 -18"><span class='ocrx_word' id='word_1_173' title='bbox 408 3139 491 3220; x_wconf 88' lang='lat' dir='ltr'>dico,</span> <span class='ocrx_word' id='word_1_174' title='bbox 502 3140 568 3203; x_wconf 90' lang='lat' dir='ltr'>imo</span> <span class='ocrx_word' id='word_1_175' title='bbox 584 3155 616 3202; x_wconf 91' lang='lat' dir='ltr'>ct</span> <span class='ocrx_word' id='word_1_176' title='bbox 632 3153 787 3222; x_wconf 85' lang='lat' dir='ltr'>quantum</span> <span class='ocrx_word' id='word_1_177' title='bbox 804 3150 851 3200; x_wconf 88' lang='lat' dir='ltr'>est</span> <span class='ocrx_word' id='word_1_178' title='bbox 866 3137 899 3199; x_wconf 91' lang='lat' dir='ltr'>in</span> <span class='ocrx_word' id='word_1_179' title='bbox 915 3134 992 3222; x_wconf 89' lang='lat' dir='ltr'>ipsis</span> <span class='ocrx_word' id='word_1_180' title='bbox 1008 3136 1188 3209; x_wconf 85' lang='lat' dir='ltr'>excutiunt,</span> <span class='ocrx_word' id='word_1_181' title='bbox 1205 3149 1236 3198; x_wconf 89' lang='lat' dir='ltr'>et</span> <span class='ocrx_word' id='word_1_182' title='bbox 1250 3135 1367 3201; x_wconf 78' lang='lat' dir='ltr'>divinae</span> 
     </span>
     <span class='ocr_line' id='line_1_25' title="bbox 408 3235 1369 3322; baseline -0.001 -19"><span class='ocrx_word' id='word_1_183' title='bbox 408 3239 602 3303; x_wconf 87' lang='lat' dir='ltr'>ordinationi</span> <span class='ocrx_word' id='word_1_184' title='bbox 630 3237 785 3303; x_wconf 79' lang='lat' dir='ltr'>fallaciter</span> <span class='ocrx_word' id='word_1_185' title='bbox 812 3235 1047 3301; x_wconf 88' lang='lat' dir='ltr'>contradicunt.</span> <span class='ocrx_word' id='word_1_186' title='bbox 1094 3238 1261 3320; x_wconf 92' lang='lat' dir='ltr'>Nusquam</span> <span class='ocrx_word' id='word_1_187' title='bbox 1292 3259 1369 3322; x_wconf 82' lang='lat' dir='ltr'>ergo</span> 
     </span>
     <span class='ocr_line' id='line_1_26' title="bbox 407 3339 1367 3427; baseline -0.001 -22"><span class='ocrx_word' id='word_1_188' title='bbox 407 3342 489 3406; x_wconf 90' lang='lat' dir='ltr'>illud</span> <span class='ocrx_word' id='word_1_189' title='bbox 521 3341 683 3427; x_wconf 87' lang='lat' dir='ltr'>Apostoli:</span> <span class='ocrx_word' id='word_1_190' title='bbox 724 3364 785 3404; x_wconf 89' lang='lat' dir='ltr'>non</span> <span class='ocrx_word' id='word_1_191' title='bbox 821 3362 930 3402; x_wconf 88' lang='lat' dir='ltr'>omnes</span> <span class='ocrx_word' id='word_1_192' title='bbox 961 3339 1137 3424; x_wconf 70' lang='lat' dir='ltr'>prophetae,</span> <span class='ocrx_word' id='word_1_193' title='bbox 1168 3360 1229 3400; x_wconf 90' lang='lat' dir='ltr'>non</span> <span class='ocrx_word' id='word_1_194' title='bbox 1259 3362 1367 3404; x_wconf 84' lang='lat' dir='ltr'>omncs</span> 
     </span>
     <span class='ocr_line' id='line_1_27' title="bbox 410 3440 1367 3529; baseline 0 -23"><span class='ocrx_word' id='word_1_195' title='bbox 410 3442 552 3529; x_wconf 80' lang='lat' dir='ltr'>magistri</span> <span class='ocrx_word' id='word_1_196' title='bbox 579 3454 664 3506; x_wconf 88' lang='lat' dir='ltr'>sunt.</span> <span class='ocrx_word' id='word_1_197' title='bbox 710 3442 830 3503; x_wconf 88' lang='lat' dir='ltr'>Omnes</span> <span class='ocrx_word' id='word_1_198' title='bbox 856 3440 939 3503; x_wconf 90' lang='lat' dir='ltr'>enirn</span> <span class='ocrx_word' id='word_1_199' title='bbox 967 3440 1132 3525; x_wconf 76' lang='lat' dir='ltr'>prophetae</span> <span class='ocrx_word' id='word_1_200' title='bbox 1161 3455 1193 3502; x_wconf 90' lang='lat' dir='ltr'>et</span> <span class='ocrx_word' id='word_1_201' title='bbox 1223 3443 1367 3525; x_wconf 82' lang='lat' dir='ltr'>magistri</span> 
     </span>
     <span class='ocr_line' id='line_1_28' title="bbox 409 3541 1366 3628; baseline 0.001 -21"><span class='ocrx_word' id='word_1_202' title='bbox 409 3557 493 3608; x_wconf 86' lang='lat' dir='ltr'>sunt.</span> <span class='ocrx_word' id='word_1_203' title='bbox 534 3543 587 3608; x_wconf 88' lang='lat' dir='ltr'>lta</span> <span class='ocrx_word' id='word_1_204' title='bbox 603 3556 638 3607; x_wconf 93' lang='lat' dir='ltr'>ut</span> <span class='ocrx_word' id='word_1_205' title='bbox 654 3542 829 3606; x_wconf 87' lang='lat' dir='ltr'>secundum</span> <span class='ocrx_word' id='word_1_206' title='bbox 845 3543 1012 3628; x_wconf 80' lang='lat' dir='ltr'>antiqdum</span> <span class='ocrx_word' id='word_1_207' title='bbox 1030 3541 1236 3627; x_wconf 87' lang='lat' dir='ltr'>proverbium</span> <span class='ocrx_word' id='word_1_208' title='bbox 1252 3544 1366 3608; x_wconf 86' lang='lat' dir='ltr'>merito</span> 
     </span>
     <span class='ocr_line' id='line_1_29' title="bbox 411 3643 1367 3732; baseline 0.001 -24"><span class='ocrx_word' id='word_1_209' title='bbox 411 3644 551 3722; x_wconf 91' lang='lat' dir='ltr'>dicatur,</span> <span class='ocrx_word' id='word_1_210' title='bbox 573 3645 662 3732; x_wconf 91' lang='lat' dir='ltr'>quod</span> <span class='ocrx_word' id='word_1_211' title='bbox 686 3655 717 3707; x_wconf 84' lang='lat' dir='ltr'>et</span> <span class='ocrx_word' id='word_1_212' title='bbox 742 3644 817 3707; x_wconf 90' lang='lat' dir='ltr'>Saul</span> <span class='ocrx_word' id='word_1_213' title='bbox 842 3645 924 3709; x_wconf 88' lang='lat' dir='ltr'>inter</span> <span class='ocrx_word' id='word_1_214' title='bbox 947 3643 1128 3730; x_wconf 90' lang='lat' dir='ltr'>prophetas.</span> <span class='ocrx_word' id='word_1_215' title='bbox 1174 3646 1218 3708; x_wconf 84' lang='lat' dir='ltr'>Et</span> <span class='ocrx_word' id='word_1_216' title='bbox 1245 3667 1367 3723; x_wconf 86' lang='lat' dir='ltr'>revera,</span> 
     </span>
     <span class='ocr_line' id='line_1_30' title="bbox 411 3743 1369 3828; baseline -0.001 -18"><span class='ocrx_word' id='word_1_217' title='bbox 411 3747 491 3811; x_wconf 91' lang='lat' dir='ltr'>sicut</span> <span class='ocrx_word' id='word_1_218' title='bbox 517 3745 563 3809; x_wconf 88' lang='lat' dir='ltr'>ait</span> <span class='ocrx_word' id='word_1_219' title='bbox 585 3743 761 3828; x_wconf 86' lang='lat' dir='ltr'>Gregorius</span> <span class='ocrx_word' id='word_1_220' title='bbox 784 3744 1016 3819; x_wconf 86' lang='lat' dir='ltr'>Nazianzenus,</span> <span class='ocrx_word' id='word_1_221' title='bbox 1040 3744 1128 3806; x_wconf 88' lang='lat' dir='ltr'>nulla</span> <span class='ocrx_word' id='word_1_222' title='bbox 1149 3744 1282 3808; x_wconf 86' lang='lat' dir='ltr'>historia</span> <span class='ocrx_word' id='word_1_223' title='bbox 1306 3761 1369 3810; x_wconf 85' lang='lat' dir='ltr'>tra-</span> 
     </span>
     <span class='ocr_line' id='line_1_31' title="bbox 409 3845 1367 3924; baseline 0.002 -14"><span class='ocrx_word' id='word_1_224' title='bbox 409 3847 504 3924; x_wconf 90' lang='lat' dir='ltr'>didit,</span> <span class='ocrx_word' id='word_1_225' title='bbox 529 3845 578 3910; x_wconf 90' lang='lat' dir='ltr'>vel</span> <span class='ocrx_word' id='word_1_226' title='bbox 603 3859 729 3910; x_wconf 88' lang='lat' dir='ltr'>tantum</span> <span class='ocrx_word' id='word_1_227' title='bbox 755 3846 786 3910; x_wconf 90' lang='lat' dir='ltr'>in</span> <span class='ocrx_word' id='word_1_228' title='bbox 809 3846 941 3909; x_wconf 87' lang='lat' dir='ltr'>ecclesia</span> <span class='ocrx_word' id='word_1_229' title='bbox 960 3846 1058 3910; x_wconf 83' lang='lat' dir='ltr'>luisse</span> <span class='ocrx_word' id='word_1_230' title='bbox 1084 3869 1250 3910; x_wconf 88' lang='lat' dir='ltr'>numerum</span> <span class='ocrx_word' id='word_1_231' title='bbox 1277 3848 1367 3912; x_wconf 89' lang='lat' dir='ltr'>mini·</span> 
     </span>
     <span class='ocr_line' id='line_1_32' title="bbox 411 3947 1369 4032; baseline -0.001 -19"><span class='ocrx_word' id='word_1_232' title='bbox 411 3964 563 4023; x_wconf 81' lang='lat' dir='ltr'>atrorum,</span> <span class='ocrx_word' id='word_1_233' title='bbox 587 3947 634 4011; x_wconf 85' lang='lat' dir='ltr'>vel</span> <span class='ocrx_word' id='word_1_234' title='bbox 659 3961 722 4011; x_wconf 92' lang='lat' dir='ltr'>tam</span> <span class='ocrx_word' id='word_1_235' title='bbox 747 3947 867 4012; x_wconf 89' lang='lat' dir='ltr'>utiliter</span> <span class='ocrx_word' id='word_1_236' title='bbox 893 3960 1130 4032; x_wconf 84' lang='lat' dir='ltr'>congregatum.</span> <span class='ocrx_word' id='word_1_237' title='bbox 1179 3948 1274 4012; x_wconf 89' lang='lat' dir='ltr'>Unde</span> <span class='ocrx_word' id='word_1_238' title='bbox 1298 3948 1369 4012; x_wconf 89' lang='lat' dir='ltr'>reli·</span> 
     </span>
     <span class='ocr_line' id='line_1_33' title="bbox 409 4048 1365 4135; baseline -0.001 -23"><span class='ocrx_word' id='word_1_239' title='bbox 409 4050 494 4135; x_wconf 81' lang='lat' dir='ltr'>gioni</span> <span class='ocrx_word' id='word_1_240' title='bbox 533 4064 564 4113; x_wconf 92' lang='lat' dir='ltr'>et</span> <span class='ocrx_word' id='word_1_241' title='bbox 600 4048 755 4114; x_wconf 86' lang='lat' dir='ltr'>doctrinae</span> <span class='ocrx_word' id='word_1_242' title='bbox 795 4049 997 4128; x_wconf 78' lang='lat' dir='ltr'>Christianae,</span> <span class='ocrx_word' id='word_1_243' title='bbox 1026 4072 1123 4134; x_wconf 86' lang='lat' dir='ltr'>grave</span> <span class='ocrx_word' id='word_1_244' title='bbox 1158 4049 1365 4134; x_wconf 90' lang='lat' dir='ltr'>opprobrium</span> 
     </span>
     <span class='ocr_line' id='line_1_34' title="bbox 411 4149 1366 4237; baseline -0.004 -23"><span class='ocrx_word' id='word_1_245' title='bbox 411 4153 563 4227; x_wconf 86' lang='lat' dir='ltr'>nascitur,</span> <span class='ocrx_word' id='word_1_246' title='bbox 591 4150 676 4237; x_wconf 89' lang='lat' dir='ltr'>quod</span> <span class='ocrx_word' id='word_1_247' title='bbox 704 4152 878 4215; x_wconf 84' lang='lat' dir='ltr'>sacerdotia</span> <span class='ocrx_word' id='word_1_248' title='bbox 909 4150 957 4214; x_wconf 88' lang='lat' dir='ltr'>vel</span> <span class='ocrx_word' id='word_1_249' title='bbox 989 4151 1164 4215; x_wconf 85' lang='lat' dir='ltr'>ministeria</span> <span class='ocrx_word' id='word_1_250' title='bbox 1194 4149 1366 4212; x_wconf 83' lang='lat' dir='ltr'>ambitione</span> 
     </span>
    </p>
   </div>
   <div class='ocr_carea' id='block_1_3' title="bbox 413 4247 1372 4439">
    <p class='ocr_par' dir='ltr' id='par_1_3' title="bbox 413 4247 1372 4439">
     <span class='ocr_line' id='line_1_35' title="bbox 413 4247 1372 4340; baseline -0.009 -22"><span class='ocrx_word' id='word_1_251' title='bbox 413 4254 533 4340; x_wconf 86' lang='lat' dir='ltr'>potins,</span> <span class='ocrx_word' id='word_1_252' title='bbox 545 4266 576 4316; x_wconf 93' lang='lat' dir='ltr'>et</span> <span class='ocrx_word' id='word_1_253' title='bbox 591 4251 631 4315; x_wconf 85' lang='lat' dir='ltr'>ad</span> <span class='ocrx_word' id='word_1_254' title='bbox 654 4251 801 4336; x_wconf 85' lang='lat' dir='ltr'>gratiam,</span> <span class='ocrx_word' id='word_1_255' title='bbox 819 4275 915 4337; x_wconf 86' lang='lat' dir='ltr'>quam</span> <span class='ocrx_word' id='word_1_256' title='bbox 933 4253 1117 4317; x_wconf 85' lang='lat' dir='ltr'>meritorum</span> <span class='ocrx_word' id='word_1_257' title='bbox 1129 4248 1253 4337; x_wconf 88' lang='lat' dir='ltr'>judicio</span> <span class='ocrx_word' id='word_1_258' title='bbox 1268 4247 1372 4310; x_wconf 86' lang='lat' dir='ltr'>defer-</span> 
     </span>
     <span class='ocr_line' id='line_1_36' title="bbox 413 4353 1371 4439; baseline -0.006 -20"><span class='ocrx_word' id='word_1_259' title='bbox 413 4371 522 4422; x_wconf 89' lang='lat' dir='ltr'>untur.</span> <span class='ocrx_word' id='word_1_260' title='bbox 547 4357 666 4419; x_wconf 90' lang='lat' dir='ltr'>Omnes</span> <span class='ocrx_word' id='word_1_261' title='bbox 678 4355 786 4438; x_wconf 83' lang='lat' dir='ltr'>itaque</span> <span class='ocrx_word' id='word_1_262' title='bbox 799 4367 944 4431; x_wconf 89' lang='lat' dir='ltr'>currunt,</span> <span class='ocrx_word' id='word_1_263' title='bbox 955 4353 1008 4417; x_wconf 87' lang='lat' dir='ltr'>sed</span> <span class='ocrx_word' id='word_1_264' title='bbox 1023 4375 1122 4439; x_wconf 89' lang='lat' dir='ltr'>quum</span> <span class='ocrx_word' id='word_1_265' title='bbox 1135 4362 1371 4430; x_wconf 87' lang='lat' dir='ltr'>eoventnmest,</span> 
     </span>
    </p>
   </div>
   <div class='ocr_carea' id='block_1_4' title="bbox 0 0 1784 5467">
    <p class='ocr_par' dir='ltr' id='par_1_4' title="bbox 0 0 1784 5467">
     <span class='ocr_line' id='line_1_37' title="bbox 0 0 1784 5467; baseline 0 0"><span class='ocrx_word' id='word_1_266' title='bbox 0 0 1784 5467; x_wconf 95' lang='lat' dir='ltr'> </span> 
     </span>
    </p>
   </div>
  </div>
 </body>
</html>
