3550 5467
544 707 607 762 ³40
790 716 926 758 Joruurs
942 710 1223 757 saausuuarausrs
1330 694 1411 773 [ara.
1429 712 1497 757 vin.

548 882 582 933 ut
603 866 726 929 fidelius
750 875 928 937 teneantur,
945 876 1046 926 metro
1064 862 1312 945 comprehensas
1326 862 1433 926 curavi
1455 861 1496 923 in-

548 992 659 1031 serere.

650 1099 739 1150 Prima
750 1099 845 1150 rubens
856 1097 934 1160 unda,
945 1114 1022 1159 rause,
1035 1097 1160 1165 tabesque
1172 1098 1299 1159 secunda,

649 1185 715 1236 lude
728 1184 804 1236 culex
817 1186 908 1246 tristis,
921 1192 979 1253 post
991 1200 1078 1234 musca
1089 1185 1203 1234 nocivior
1215 1184 1284 1235 istis.

648 1270 749 1331 Quinta
760 1286 838 1339 pecus
851 1269 951 1329 stravit,
965 1268 1076 1319 vesicam
1089 1274 1165 1318 sexta
1177 1270 1286 1319 creavit,

650 1354 723 1406 Pone
735 1355 805 1405 subit
817 1354 924 1420 grando,
937 1361 993 1423 post
1006 1353 1117 1404 bruchus
1130 1353 1211 1404 dente
1222 1353 1347 1405 nefando.

650 1440 728 1491 Nona
740 1441 807 1506 tegit
819 1439 909 1502 solem,
922 1441 1030 1509 primam
1042 1443 1117 1488 necat
1130 1437 1223 1489 ultima
1236 1439 1347 1509 prolem.

547 1562 616 1625 Nec
627 1582 705 1623 curo
714 1558 787 1644 quis
800 1580 909 1620 versus
919 1557 1038 1632 fecerit,
1051 1555 1110 1619 hoc
1120 1557 1224 1620 solum
1234 1557 1416 1633 attendens,
1428 1558 1495 1642 quia

546 1667 658 1747 plagas
671 1661 808 1746 AEgypti
825 1661 886 1723 sub
905 1659 1079 1736 Pharaone,
1091 1659 1167 1722 satis
1178 1660 1406 1745 compendiose
1421 1682 1495 1723 com-

546 1762 725 1850 prehendit.
773 1767 809 1826 ln
836 1761 885 1824 his
911 1772 1014 1823 tamen
1041 1761 1190 1824 omnibus
1215 1783 1279 1825 non
1305 1777 1354 1826 est
1378 1784 1497 1825 aversus

546 1866 635 1929 furor
650 1867 719 1950 ejus
734 1889 753 1927 a
776 1861 898 1949 populo
914 1862 986 1941 Dei,
1001 1860 1053 1924 sed
1071 1861 1288 1945 egredientem
1310 1885 1495 1950 persequens

546 1990 618 2030 cum
646 1967 793 2030 curribus
818 1978 850 2028 et
873 1965 1036 2049 equitibus
1059 1965 1134 2039 suis,
1158 1964 1189 2027 in
1214 1967 1295 2028 mari
1319 1966 1495 2030 submersus

546 2082 604 2131 est.
652 2069 758 2152 Aquis
782 2089 860 2152 ergo
881 2090 939 2152 pro
960 2088 1062 2143 muro,
1078 2065 1117 2128 ad
1139 2066 1252 2151 populi
1276 2067 1495 2141 defensionem,

546 2182 577 2230 et
608 2192 667 2251 pro
694 2169 757 2232 telo
784 2169 824 2230 ad
848 2168 1085 2232 subversionem
1112 2170 1241 2253 tyranni
1267 2193 1345 2234 usus
1364 2188 1411 2233 est
1434 2171 1495 2232 Do·

546 2270 661 2333 minus.
706 2269 905 2332 Salmanasar
927 2292 1068 2354 quoque,
1086 2285 1240 2354 regnante
1261 2271 1414 2350 Ezechiu,
1431 2293 1494 2355 pre-

544 2371 649 2434 mebat
670 2369 826 2456 populum
853 2371 995 2446 Domini,
1010 2393 1245 2456 conversusque
1266 2393 1324 2434 rex
1347 2371 1380 2434 in
1395 2394 1494 2456 preces

545 2472 695 2537 adversus
711 2473 812 2535 minas
833 2472 972 2557 tyranni,
988 2472 1134 2558 clypeum
1156 2472 1275 2536 divinae
1296 2473 1495 2556 protectionis

545 2575 706 2658 opposuit.
752 2573 849 2637 Unde
870 2587 902 2637 et
924 2595 996 2636 eum
1016 2596 1073 2658 per
1096 2573 1284 2658 prophetam
1306 2574 1494 2639 confortavit

547 2677 719 2752 Dominus,
735 2673 860 2739 dicens:
895 2679 966 2739 Non
984 2674 1182 2758 ingredietur
1202 2675 1314 2739 urbem
1336 2676 1427 2756 hanc,
1442 2700 1494 2740 nec

546 2779 651 2842 mittet
674 2779 706 2840 in
730 2801 797 2840 eam
819 2777 979 2859 sagittam,
1001 2799 1058 2839 nec
1078 2776 1246 2862 occupabit
1267 2800 1335 2840 eam
1357 2776 1493 2864 clypeus,

545 2903 602 2942 nec
622 2878 831 2943 circumdabit
852 2901 920 2941 eam
944 2877 1087 2941 munitio.
1134 2879 1197 2940 Per
1218 2877 1301 2941 viam
1324 2902 1388 2965 qua
1409 2880 1493 2944 veuit

545 2994 733 3057 revertetur,
757 2994 788 3043 et
813 2981 970 3043 civitatem
994 2978 1075 3053 hanc
1099 3000 1160 3041 non
1183 2978 1394 3064 ingredietur,
1417 2982 1491 3047 dicit

546 3082 712 3146 Dominus.
751 3086 985 3166 Protegamque
1000 3080 1111 3145 urbem
1127 3079 1220 3158 hanc,
1235 3094 1268 3146 et
1284 3083 1415 3148 salvabo
1428 3107 1492 3147 eam

545 3195 676 3270 propter
687 3204 748 3260 me,
760 3195 790 3246 et
804 3195 934 3267 propter
947 3180 1052 3244 David
1070 3203 1192 3246 servum
1206 3204 1324 3247 meum.
1361 3185 1493 3251 Factum

545 3298 592 3349 est
615 3308 692 3369 ergo
708 3288 738 3348 in
758 3296 850 3347 nocte
873 3281 937 3360 ilia,
954 3282 1040 3346 venit
1062 3282 1195 3366 angelus
1216 3281 1360 3361 Domini,
1375 3299 1407 3349 et
1430 3309 1496 3372 per·

544 3387 643 3451 cussit
664 3401 767 3450 castra
789 3386 994 3471 Assyriorum
1016 3397 1142 3447 centum
1166 3385 1331 3470 octogiuta
1353 3389 1494 3473 quinque

544 3487 651 3551 millia.
699 3490 871 3572 Quumque
895 3485 1037 3549 diluculo
1064 3489 1266 3567 surrexisset,
1289 3487 1372 3552 vidit
1395 3489 1495 3552 omnia

541 3609 675 3668 corpora
694 3602 906 3662 mortuorum,
927 3600 958 3651 et
982 3587 1129 3650 recedens
1151 3587 1240 3653 abiit.
1288 3589 1333 3654 Et
1354 3612 1494 3654 reversus

540 3698 586 3748 est
605 3687 817 3749 Sennacherib
833 3711 887 3750 rex
905 3689 1120 3773 Assyriorum,
1137 3700 1168 3751 et
1185 3692 1301 3753 mansit
1322 3689 1355 3753 in
1372 3692 1493 3756 Ninive.

543 3788 716 3870 Quumque
739 3786 885 3851 adoraret
903 3789 933 3849 iu
959 3788 1077 3874 templo
1100 3789 1242 3853 Nesrach
1270 3791 1375 3855 Deum
1391 3815 1494 3872 suum,

540 3886 747 3954 Adramalccb
774 3901 805 3950 et
834 3890 963 3951 Sarasar
989 3889 1045 3952 filii
1072 3889 1142 3974 ejus
1168 3906 1397 3974 percusserunt
1422 3916 1492 3957 eum

539 3990 658 4075 gladio,
667 3989 884 4073 fugeruntque
897 3989 930 4051 in
940 3999 1055 4052 terram
1066 3989 1302 4071 Armeniorum,
1310 4005 1342 4056 et
1352 3996 1492 4078 regnarit

540 4091 729 4156 Asaraddon
746 4090 829 4153 filius
845 4092 914 4176 ejus
930 4114 989 4177 pro
1003 4114 1049 4154 eo.
1097 4094 1164 4153 Nec
1187 4106 1316 4158 moveat
1337 4094 1362 4158 si
1381 4094 1442 4158 alio
1461 4108 1492 4158 et

538 4192 599 4253 alio
621 4191 746 4254 nomine
768 4203 933 4256 censeatur
956 4194 987 4254 in
1012 4190 1145 4254 diversis
1166 4190 1322 4270 historiis,
1339 4194 1416 4280 quia
1437 4217 1493 4280 pro

537 4293 706 4356 traditione
731 4294 955 4367 Hebraeorum,
973 4293 1054 4355 sicut
1072 4292 1292 4377 Hieronymus
1307 4308 1421 4361 auctor
1440 4310 1493 4374 est,
