3550 5467
412 720 472 778 160
663 728 799 773 consuis
814 727 1098 772 ssunsnnnrnusrs
1206 707 1287 787 [un.
1303 727 1351 772 vn.

409 884 531 946 Novam
555 903 631 965 ergo
654 879 834 965 concipiunt
858 875 1119 953 sollicitudinem,
1142 889 1174 940 et
1192 898 1299 952 seram,
1320 901 1351 940 eo

406 985 494 1070 quod
518 986 670 1067 temporis
696 983 825 1066 jactura
848 978 987 1064 reparari
1010 1000 1073 1041 nou
1106 989 1225 1064 potest.
1269 979 1352 1056 Quod

407 1087 441 1150 in
457 1083 671 1148 claustralium
695 1081 815 1167 pluteis
835 1084 1030 1159 continetur,
1051 1081 1236 1155 excutiunt,
1258 1081 1353 1144 litera·

407 1197 513 1250 torum
528 1184 670 1270 expilant
686 1183 809 1257 scrinia,
823 1194 992 1266 corrogant
1002 1181 1184 1262 schedulas,
1196 1184 1352 1248 verborum

408 1286 555 1351 flosculos
585 1285 706 1370 legunt,
730 1283 944 1349 oratiunculas
972 1284 1185 1369 conquirunt,
1210 1299 1241 1349 et
1264 1285 1354 1349 modis

409 1387 556 1450 omnibus
571 1385 747 1461 elaborant,
770 1403 807 1448 ut
823 1384 992 1448 videantur
1008 1383 1088 1448 scire
1104 1384 1194 1470 quod
1210 1391 1353 1452 nesciunt.

410 1489 494 1553 Nam
523 1502 559 1553 ut
586 1489 698 1560 sciant,
722 1500 778 1551 aut
805 1489 837 1551 in
869 1486 989 1550 virtute
1015 1485 1197 1572 proficiant,
1223 1489 1354 1553 nondum

409 1591 534 1656 solliciti
557 1604 641 1654 sunt.
686 1589 842 1652 Umbram
865 1589 1023 1652 duntaxat
1048 1589 1180 1655 virtutis
1202 1592 1353 1667 affectant,

411 1717 507 1780 quam
520 1715 642 1779 semper
655 1691 766 1755 virtuti
776 1690 996 1774 praetulerunt.
1042 1692 1171 1779 Utique
1184 1693 1264 1758 nihil
1277 1694 1357 1760 mise·

412 1797 480 1861 rius
490 1805 549 1872 est,
562 1817 658 1881 quarn
671 1794 703 1856 in
716 1792 817 1857 alieno
831 1792 957 1876 fulgore
970 1791 1102 1879 gloriari
1116 1820 1124 1858 :
1148 1808 1182 1859 et
1194 1819 1233 1859 eo
1244 1807 1356 1861 constat

410 1921 477 1963 esse
493 1899 617 1984 inopem
640 1896 825 1970 debitorem,
841 1895 899 1981 qui
921 1893 1110 1958 solutionem
1127 1896 1289 1961 celebrare
1303 1921 1356 1962 non

411 2012 527 2086 potest,
553 2000 611 2063 nisi
632 1998 705 2061 novi
729 1997 833 2084 gratia
859 1994 1034 2060 creditoris.
1079 1997 1297 2063 Veruntamen
1320 2001 1357 2065 sic

412 2114 539 2188 tempus
573 2099 727 2164 redimere
755 2099 908 2184 gestiunt,
938 2112 974 2160 ut
1006 2097 1065 2161 tibi
1096 2099 1253 2184 satyricus
1283 2114 1358 2164 recte

414 2201 562 2265 videatur
578 2200 638 2263 illis
652 2222 829 2276 occurrere,
845 2221 917 2263 cnm
933 2198 1127 2286 improperio
1143 2200 1301 2287 ingerens,

483 2315 573 2367 Udum
585 2320 612 2365 et
623 2312 701 2366 molle
712 2313 795 2366 lutum
807 2331 845 2377 es,
853 2314 910 2383 jam
922 2331 988 2366 nuuc
1000 2315 1189 2383 properandus,
1202 2323 1230 2368 et
1240 2319 1292 2368 acri

481 2397 634 2465 Fingeudus
643 2398 699 2448 sine
711 2395 764 2447 fine
776 2402 848 2448 rota:
862 2397 910 2449 tibi
922 2396 1029 2460 luditur,
1041 2396 1127 2450 effluis
1140 2417 1240 2452 amens.

483 2483 666 2545 Contemnere,
678 2488 753 2534 sonat
765 2483 857 2534 vitium
868 2499 999 2553 percussa,
1011 2481 1129 2550 maligne

483 2568 645 2639 Respondet,
657 2567 732 2619 viridi
745 2585 796 2619 nou
808 2575 881 2619 cocta
893 2565 981 2618 fidelia
991 2565 1064 2619 limo.

414 2674 496 2738 Haec
510 2673 592 2736 enim
610 2695 671 2735 non
689 2671 782 2735 modo
802 2670 954 2733 adversus
974 2669 1126 2756 praelatos
1149 2671 1298 2753 ecclesiae,
1312 2672 1360 2737 sed

414 2774 593 2860 omnesqui
608 2788 682 2838 ante
697 2772 830 2836 docendi
846 2772 983 2835 officium
994 2790 1258 2858 praesumseruut,
1271 2797 1360 2862 quam

414 2873 1361 2960 discipuliformamimpleverint,a‹lpigritiamexcitandam‚

415 2977 507 3062 quasi
521 2977 685 3043 stimulum
701 2977 830 3042 libertas
847 2976 990 3039 veritatis
1010 2975 1129 3042 educit.
1176 2978 1273 3042 Unde
1292 3001 1362 3063 ergo

414 3101 496 3142 nova
517 3093 548 3143 et
572 3090 678 3142 vetera
700 3077 869 3164 proferent,
894 3078 949 3161 qui
973 3099 1096 3162 semper
1118 3101 1214 3165 aeque
1236 3102 1318 3143 nova
1334 3093 1362 3144 et

415 3194 523 3244 vetera
547 3182 829 3265 contempserunt?
854 3183 922 3243 Nec
943 3194 991 3243 est
1013 3180 1100 3264 quod
1131 3203 1222 3245 error
1239 3203 1364 3246 concur·

416 3283 551 3346 rentium
575 3287 635 3345 sub
660 3294 818 3366 praetextu
848 3279 1063 3344 multitudinis
1084 3296 1269 3362 excusetur,
1292 3284 1364 3370 quis

417 3382 542 3446 vivendi
559 3382 933 3445 formaaconviventium
944 3380 1154 3446 similitudine
1165 3406 1362 3471 nequaquam

416 3483 564 3555 trahitur,
581 3481 663 3543 seda
675 3482 773 3544 verbo
789 3483 861 3560 Dei,
874 3482 906 3545 in
922 3484 1013 3568 cujus
1025 3485 1076 3546 via
1092 3483 1179 3548 beati
1191 3487 1364 3560 ambulant,

416 3597 448 3647 et
475 3596 560 3646 recto
587 3581 666 3645 calle
691 3583 731 3645 nd
758 3606 841 3647 verm
867 3584 1028 3649 felicitatis
1052 3585 1188 3668 patriam
1216 3601 1363 3674 pergunt.

417 3682 619 3771 Nequeenim
631 3684 748 3770 quoda
760 3686 1040 3772 multispeceatur,
1050 3703 1218 3772 peccatum
1232 3712 1294 3754 non
1304 3705 1363 3763 est;

416 3785 471 3852 sed
484 3784 555 3851 ideo
566 3789 707 3870 gravius,
723 3786 800 3873 quia
810 3788 957 3852 multum.
997 3788 1064 3851 Nec
1076 3788 1295 3877 delinquentis
1305 3793 1366 3857 cul·

416 3910 488 3974 pam
510 3888 593 3951 socia
611 3888 726 3952 minuit
740 3888 925 3963 multitudo,
940 3889 993 3953 sed
1010 3905 1203 3976 praegravat,
1223 3917 1263 3957 eo
1282 3893 1366 3980 quod

417 3991 540 4054 viribus
555 3994 631 4067 suis,
642 4014 680 4054 ne
689 3991 878 4075 corrigatur,
894 3990 1010 4054 obstat.
1038 3991 1086 4055 Ne
1099 4006 1204 4058 tamen
1217 3996 1366 4060 adversus

413 4093 572 4180 justitiam
606 4093 678 4172 Dei,
706 4092 945 4155 ambitiosorum
981 4093 1157 4158 multitudo
1186 4097 1366 4182 praevaleat,

417 4219 479 4258 non
496 4195 590 4259 modo
605 4191 724 4268 divina,
740 4192 792 4255 sed
804 4192 943 4256 humana
953 4196 1029 4278 jura
1040 4209 1217 4261 armantur.
1255 4202 1321 4263 Iex
1337 4213 1366 4263 et

419 4296 594 4381 proplietae,
625 4293 850 4377 Evangelium,
880 4307 912 4358 et
942 4316 1052 4358 omnes
1078 4298 1199 4382 regulae
1231 4315 1366 4386 patrum,
