3550 5467
535 725 594 782 126
798 735 932 779 romnus
949 733 1231 779 saaasaarumrsu
1337 720 1423 800 [ma.
1437 740 1490 785 vu.

530 885 791 951 modestissimam
813 885 912 948 totius
930 883 1121 969 eloquentiae
1138 885 1285 971 regulam
1303 898 1400 952 tenet.
1433 889 1490 953 llla

533 1011 607 1052 vero
622 988 713 1074 copia
733 986 859 1049 laudem
879 985 975 1071 parit,
991 985 1043 1048 cui
1064 986 1182 1049 veritas
1202 987 1331 1068 virtuti,
1346 1000 1378 1052 et
1394 992 1488 1054 omui·

531 1090 591 1153 bus
605 1087 715 1152 officiis
731 1086 831 1150 amica
849 1086 1015 1150 consentit.
1053 1085 1163 1149 Multa
1178 1085 1341 1172 siquidem
1357 1103 1388 1154 et
1404 1090 1487 1155 falla-

526 1192 607 1254 citer
631 1190 732 1275 loqui,
754 1187 936 1270 nugigeruli
959 1199 1018 1265 est,
1039 1198 1071 1250 et
1094 1186 1211 1250 famam
1236 1189 1369 1253 omnino
1391 1193 1486 1278 negli-

526 1293 642 1375 gentia,
657 1306 689 1354 et
709 1290 741 1353 in
764 1310 796 1350 se
819 1287 961 1349 virorum
983 1286 1128 1369 gravium
1153 1290 1360 1372 provocantis
1382 1291 1484 1357 odium

525 1407 557 1456 et
572 1404 802 1475 contemptum.
830 1389 912 1451 Nam
929 1401 960 1451 et
977 1387 1287 1473 spiritussapientiae
1302 1406 1481 1472 auctorest,

527 1493 604 1577 quia
619 1493 676 1578 qui
693 1489 861 1577 sophistice
875 1488 1021 1574 loquitur
1036 1489 1164 1553 odibilis
1179 1503 1237 1555 est.
1278 1494 1353 1557 Non
1370 1495 1483 1560 medio·

527 1593 588 1656 cris
604 1605 708 1657 tamen
727 1591 850 1655 utilitas
870 1605 929 1662 est,
946 1589 977 1652 in
997 1590 1276 1674 deprehendendis
1299 1594 1482 1681 importuni-

460 1684 464 1691 ’
527 1695 632 1759 taticis
656 1693 847 1780 sophisticis,
872 1693 937 1754 sine
962 1713 1098 1776 quarum
1129 1695 1245 1758 notitia
1269 1697 1419 1780 quisquis
1443 1699 1481 1763 ad

525 1796 788 1861 examinationem
816 1793 877 1856 reri
903 1806 935 1856 et
961 1815 1065 1856 rerum
1091 1795 1329 1862 ventilationem
1357 1822 1481 1886 progre-

526 1899 624 1974 ditur,
640 1899 730 1983 quasi
749 1897 839 1959 miles
860 1894 985 1958 inutilis
1004 1904 1063 1974 est,
1078 1900 1135 1982 qui
1157 1897 1312 1965 adversus
1332 1904 1480 1967 exercita·

524 2011 604 2074 tum,
615 2013 646 2062 et
663 1999 851 2061 instructum
868 1996 1003 2075 hostem,
1015 1997 1159 2082 procedit
1174 1988 1370 2069 enarmatus.
1395 2004 1479 2069 Lioet

522 2125 600 2185 ergo
622 2099 662 2163 ad
685 2097 870 2160 exercitium
894 2097 1127 2184 colloquentem
1150 2099 1288 2165 vicissim
1312 2103 1433 2186 fallere,
1449 2118 1478 2170 et

523 2202 614 2289 quasi
630 2202 662 2264 in
678 2198 948 2283 campidoctorum
973 2198 1089 2275 schola,
1106 2202 1188 2265 inter
1203 2203 1290 2266 cives
1304 2205 1478 2290 jocularem

524 2301 665 2366 militiam
681 2319 844 2362 exercere:
873 2297 928 2360 sed
946 2299 1001 2363 ubi
1017 2323 1050 2363 se
1067 2301 1319 2388 colloquentium
1337 2305 1479 2387 intentio,

523 2403 564 2468 ad
598 2399 807 2488 philosophiae
837 2398 1042 2464 sobrietatem
1076 2402 1188 2487 exigit,
1219 2408 1492 2491 importunitates⁵

522 2503 701 2591 sophisticae
723 2500 924 2564 delitescunt.
956 2498 1040 2565 Etsi
1060 2503 1144 2567 forte
1158 2505 1201 2568 ab
1220 2505 1377 2573 alterutra
1392 2526 1478 2596 parte

521 2608 717 2681 emerserint,
741 2603 826 2666 sica
852 2603 1051 2687 sapientibus
1076 2605 1306 2691 corripiuntur,
1334 2610 1416 2676 sicut
1446 2615 1476 2676 in

522 2708 685 2796 republica
720 2706 803 2769 inter
836 2704 1071 2780 contrahentes,
1102 2706 1197 2771 dolus
1233 2710 1474 2797 malignantium

519 2826 690 2876 coercetur.
721 2811 882 2873 Caeterum
900 2805 997 2869 verba
1012 2807 1118 2887 rebus,
1134 2832 1184 2873 res
1194 2813 1393 2898 temporibus
1406 2837 1476 2878 con·

521 2928 707 2998 temperare,
721 2922 753 2973 et
772 2906 1016 2970 intervenientes
1030 2908 1170 2975 fallacias
1190 2914 1367 2999 prudenter
1382 2939 1474 3003 argu·

520 3038 584 3093 cre,
598 3035 659 3076 non
675 3032 848 3098 paucorum
864 3008 987 3072 dierum
1004 3023 1063 3088 cst,
1078 3024 1132 3075 aut
1149 3012 1228 3078 levis
1241 3038 1348 3100 opera.
1379 3017 1474 3082 Unde

519 3115 650 3202 plurimi
666 3111 858 3187 accedentes,
872 3124 1045 3175 retrorsum
1058 3113 1188 3193 abeunt,
1203 3130 1234 3181 et
1250 3117 1391 3204 aliquam
1408 3143 1475 3184 ves·

520 3217 600 3282 tium
621 3213 829 3304 philosophiae
851 3213 1086 3298 portiunculam
1109 3219 1323 3300 praeferentes,
1338 3220 1473 3306 glorian·

518 3332 571 3384 tur
586 3318 672 3405 apud
688 3315 841 3393 indoctos,
856 3337 893 3378 ac
913 3316 987 3377 siin
1005 3315 1258 3402 jurisdictionem
1275 3343 1387 3385 eorum
1408 3335 1473 3387 tota

518 3418 715 3483 concesserit.
762 3421 808 3481 Ut
835 3417 918 3479 enim
944 3420 990 3481 ait
1016 3418 1161 3503 quidam,
1191 3421 1312 3503 (verbis
1337 3446 1472 3511 namque

517 3519 718 3585 manentibus
734 3539 845 3580 nomen
861 3518 992 3599 excidit)

620 3637 712 3690 Gartio
723 3637 831 3705 quisque
843 3636 908 3688 duas
920 3644 1058 3707 postquam
1069 3640 1117 3690 scit
1125 3642 1240 3712 jungere
1252 3648 1350 3712 partes,

619 3724 663 3776 Sic
674 3730 737 3788 mat,
750 3724 786 3775 sic
798 3721 911 3790 loquitur
921 3722 995 3776 velut
1006 3742 1097 3777 omnes
1108 3728 1209 3778 noverit
1220 3734 1299 3780 artes.

515 3829 565 3892 De
585 3825 753 3912 generibus
775 3837 806 3888 et
829 3823 995 3909 speciebus
1017 3848 1131 3890 novam
1146 3826 1251 3892 adfert
1272 3833 1469 3909 sententiam,

514 3953 587 4017 quoe
611 3928 759 3991 Boetium
781 3927 887 4003 latuit,
908 3948 1004 4011 quam
1029 3926 1144 3991 doctus
1165 3929 1258 3993 Plato
1281 3933 1424 4013 nescivit,
1438 3943 1468 3996 et

512 4055 608 4119 quam
625 4030 684 4094 iste
701 4029 784 4093 felici
801 4043 885 4093 sorte
900 4028 932 4090 iu
956 4028 1084 4091 secretis
1101 4029 1285 4095 Aristotelis
1306 4055 1410 4119 nuper
1424 4033 1467 4097 iu·

515 4135 610 4199 venit.
640 4136 787 4197 Veterem
815 4144 946 4214 paratus
972 4143 1020 4193 est
1047 4129 1167 4193 solvere
1192 4133 1413 4218 quaestionem,
1437 4136 1467 4198 in

515 4261 579 4324 qua
591 4237 737 4300 laborans
747 4232 884 4297 mundus
896 4232 965 4318 jam
981 4233 1097 4307 senuit,
1109 4233 1141 4295 in
1157 4256 1222 4319 qua
1234 4239 1308 4321 plus
1319 4236 1468 4324 temporis

512 4351 736 4422 consumptum
752 4347 812 4415 est,
823 4355 919 4417 quam
937 4336 968 4397 in
980 4334 1174 4418 acquirendo
1186 4351 1218 4402 et
1234 4339 1373 4420 regendo
1383 4338 1466 4404 orbis
