3550 5467
405 747 473 791 cnr.
491 729 620 810 xxiia]
783 748 1034 792 romcmrmns.
1313 733 1370 791 188

405 896 571 992 aliquismt
580 920 600 960 a
610 898 958 962 sanctorumconsortio
971 913 1121 962 evocatus
1130 897 1323 972 ascenderet,
1334 913 1365 960 et

406 1010 518 1084 postea
541 1019 720 1062 conversus
743 1011 930 1077 retrorsum,
946 997 1024 1085 quid
1048 997 1210 1083 quaesierit
1232 1018 1364 1083 operum

406 1101 588 1166 testimonio
600 1101 786 1165 declarasse.
811 1104 857 1164 At
868 1100 921 1164 ille
930 1100 1071 1185 judicem
1085 1122 1177 1163 suum
1188 1099 1296 1176 habet,
1309 1122 1366 1163 nec

408 1217 512 1267 tamen
531 1225 677 1289 unquam
691 1205 889 1293 committere
902 1203 1018 1286 potuit,
1031 1217 1068 1266 ut
1077 1202 1280 1265 sanctissimae
1293 1223 1365 1286 pro-

407 1304 554 1370 sessionis
560 1305 695 1390 gloriam
703 1306 895 1389 denigraret.
907 1308 956 1370 De
963 1310 1083 1389 Magno
1091 1308 1365 1369 Monteneminem

407 1405 515 1470 adhuc
530 1418 734 1491 assumptum
758 1404 878 1485 audivi,
901 1405 956 1469 sed
978 1406 1098 1468 utinam
1121 1419 1177 1469 aut
1199 1427 1364 1489 nunquam

407 1521 602 1586 assumatur,
611 1524 669 1570 aut
680 1506 762 1581 talis,
775 1505 830 1590 qui
842 1506 932 1569 nullo
943 1505 1102 1570 decoloret
1114 1517 1186 1570 actu
1199 1506 1363 1570 bominum

407 1609 580 1694 singularis
594 1609 775 1675 eminentiae
797 1620 1005 1671 venustatem.
1050 1608 1112 1672 Alii
1131 1608 1296 1684 Basiliam,
1312 1607 1364 1671 alii

407 1710 633 1786 Benedictum,
648 1711 679 1773 bi
691 1712 920 1794 Augustinum,
933 1723 965 1773 at
981 1709 1032 1773 isti
1045 1711 1234 1793 singularem
1253 1710 1366 1795 magis-

407 1826 493 1876 trum
512 1813 642 1886 babent,
666 1809 830 1875 dominum
845 1816 956 1876 Jesurn
982 1811 1157 1875 Christum.
1204 1812 1293 1876 Licet
1310 1835 1365 1875 au-

408 1927 471 1978 tem
488 1913 566 1977 istat
587 1912 668 1976 duas
691 1913 911 1998 professiones,
934 1912 1037 1976 minus
1054 1927 1158 1977 tamen
1182 1937 1278 2002 quam
1304 1938 1367 1978 me-

409 2015 543 2088 ruerint,
556 2014 854 2089 commendaverim,
866 2014 956 2088 nihil,
971 2019 1040 2078 Deo
1051 2019 1179 2090 teste,in
1193 2017 1367 2099 sugillatio·

409 2141 479 2180 nem
491 2117 640 2193 aliorum,
652 2119 683 2181 in
700 2116 951 2202 professionibus
964 2118 1029 2181 suis
1047 2132 1129 2182 recte
1140 2118 1363 2196 incedentium,

407 2218 540 2305 protuli.
565 2220 672 2283 Sancti
683 2233 758 2282 sunt
771 2218 880 2303 utique
893 2218 1125 2295 Cistercienses,
1142 2220 1364 2286 Cluniacenses

409 2321 530 2394 sancti;
553 2320 653 2384 sancti
663 2320 809 2384 monachi
825 2335 857 2384 et
872 2322 1012 2386 canonici
1026 2323 1194 2407 regulares,
1209 2337 1240 2387 et
1257 2324 1288 2388 in
1306 2324 1365 2398 bis,

410 2426 495 2488 sicut
510 2423 604 2487 stella
623 2446 642 2486 a
658 2424 749 2487 stella
770 2424 877 2488 differt
895 2428 927 2489 in
949 2426 1104 2499 claritate,
1126 2442 1201 2492 sunt
1223 2428 1276 2491 alii
1297 2427 1366 2491 aliis

409 2525 1022 2612 sanctiores,etquamvisprofessionem
1032 2526 1366 2612 professioantecedat,

407 2630 439 2691 in
456 2627 573 2713 quavis
587 2648 695 2688 earum
713 2627 794 2690 forte
812 2629 1021 2715 reperientur,
1040 2629 1093 2713 qui
1111 2630 1232 2713 possint
1248 2632 1366 2692 sanctis

408 2727 630 2814 superioribus
645 2729 818 2812 adaequari.
866 2729 963 2793 Plane
980 2730 1138 2812 virginum
1156 2731 1278 2815 primus
1292 2753 1364 2810 gro-

407 2831 470 2895 dus
484 2842 517 2894 et
534 2829 705 2914 singularis
724 2830 834 2914 gloriae
855 2832 971 2896 titulus
986 2844 1053 2895 est:
1080 2830 1109 2893 in
1130 2830 1367 2895 continentibus

409 2946 529 3006 tamen,
545 2945 578 2995 et
592 2932 784 3017 conjugatis,
802 2933 884 2996 forte
907 2945 981 2995 sunt
997 2932 1095 3017 aliqui
1113 2932 1222 2995 multis
1238 2931 1366 3015 virgini-

408 3034 469 3096 bus
484 3032 683 3117 praeferendi.
731 3034 974 3098 Confessoribus
985 3046 1139 3118 martyres
1152 3033 1366 3117 praeferendos

409 3133 567 3198 catholica
589 3135 759 3198 confitetur
775 3134 916 3212 ecclesia,
937 3148 968 3198 et
985 3150 1088 3198 tamen
1112 3133 1279 3197 nonnullos
1294 3157 1367 3197 con-

409 3236 557 3315 fessores,
579 3235 742 3320 aliquibus
765 3235 962 3319 martyribus
984 3236 1065 3298 forte
1096 3233 1201 3318 quoad
1232 3234 1367 3319 aliquid,

408 3359 470 3401 non
503 3336 668 3401 verebitur
697 3360 873 3422 coaequare.
923 3341 988 3400 Nec
1017 3336 1173 3421 estquod
1197 3360 1228 3400 se
1252 3335 1369 3422 aliquis

408 3438 622 3514 saecularium,
647 3441 706 3503 mei
722 3439 840 3503 scilicet
864 3439 1026 3519 similium,
1044 3441 1110 3526 jam
1128 3440 1223 3503 dictis
1245 3440 1366 3525 proies-

409 3539 551 3603 sionibus
576 3540 730 3616 conferat,
756 3544 834 3626 quia
850 3540 904 3603 vix
921 3555 968 3604 est
986 3559 1021 3604 ut
1045 3540 1204 3626 quispiam
1222 3540 1293 3605 talis
1317 3541 1365 3604 vel

410 3647 526 3727 ignaro
549 3643 718 3707 coenobitae
751 3642 851 3727 possit
881 3643 1011 3727 aequari.
1057 3644 1090 3707 Si
1119 3643 1192 3727 quis
1221 3643 1303 3707 enim
1335 3645 1365 3707 in

412 3743 514 3820 nobis,
530 3767 549 3806 a
566 3744 762 3829 Septembris
787 3743 901 3806 Idibus
918 3744 1074 3828 usquead
1092 3745 1223 3824 Pascha,
1240 3747 1368 3832 jejunet

409 3848 494 3911 omni
509 3847 573 3923 die,
590 3847 752 3911 nocturnis
774 3847 858 3911 adsit
873 3847 1001 3931 vigiliis,
1018 3848 1141 3932 jugiter
1156 3850 1312 3915 abstineat
1327 3852 1368 3914 ab

410 3974 464 4014 esu
488 3950 648 4024 carnium,
664 3973 788 4013 omnem
814 3951 944 4014 Veneris
972 3952 1207 4016 immunditiam
1240 3953 1368 4029 nesciat,

410 4052 500 4117 boris
516 4052 773 4136 competentibus
788 4074 952 4142 nunquam
972 4052 1065 4124 desit,
1087 4066 1142 4116 aut
1166 4076 1247 4128 raro,
1264 4066 1296 4115 et
1311 4055 1370 4115 boc

407 4151 542 4235 exjusta
552 4173 665 4219 causa;
684 4151 864 4213 sobrietatis
876 4150 991 4213 limites
1008 4174 1069 4214 non
1083 4152 1228 4225 excedat,
1240 4165 1366 4213 cautam

410 4268 504 4335 ponat
522 4251 638 4315 silentii
662 4251 838 4315 custodiam
860 4251 907 4314 ori
924 4276 992 4328 sno,
1016 4266 1049 4315 et
1070 4252 1201 4314 diurnos
1222 4271 1370 4313 excessus

411 4353 514 4419 deleat
532 4353 747 4417 satisfactione
760 4355 959 4433 quotidiana,
975 4368 1006 4416 et
1023 4355 1111 4438 qnod
1126 4350 1312 4436 praecipitur
1328 4351 1374 4415 in-

412 4469 646 4533 cunctanter,et
657 4454 723 4519 sine
734 4480 822 4519 mora
832 4455 1010 4539 expleat,et
1021 4477 1081 4517 non
1094 4453 1378 4524 modoverborunr,
