3550 5467
415 735 490 780 car.
508 717 571 797 v1.]
780 731 1035 780 eoarcmrcus.
1313 724 1371 784 ast

409 888 577 971 eleganter
589 882 695 949 innuit
705 886 737 948 in
749 885 875 951 cantico
886 884 1053 950 eitharoedi
1065 899 1161 972 poeta
1171 887 1371 954 doctissimus

410 1001 555 1053 veterum
575 985 782 1071 gravitatem:
806 987 863 1072 qui
886 987 918 1050 in
941 998 1027 1051 coetu
1049 988 1133 1052 civili
1153 987 1231 1052 nibil
1254 989 1369 1055 admit·

411 1092 536 1166 tebant,
565 1087 625 1153 nisi
654 1088 741 1174 quod
773 1110 895 1153 naturae
920 1103 976 1154 aut
1006 1113 1130 1154 morum
1160 1090 1369 1157 instructione

409 1193 555 1279 polleret.
595 1190 747 1255 Plausum
764 1192 900 1256 convivii
914 1191 1020 1256 varius
1035 1216 1138 1257 sermo
1147 1195 1365 1280 prosequitur,

409 1317 514 1381 eoque
529 1293 662 1359 Veneris
677 1293 786 1357 munia
801 1307 1003 1379 procurante,
1021 1318 1108 1359 mens
1122 1295 1210 1359 ebria
1224 1295 1366 1380 longum,

410 1395 626 1470 insolubilem,
648 1408 680 1460 et
702 1395 888 1481 pestiferum
906 1396 988 1460 bibit
1004 1419 1152 1475 amorem,
1173 1419 1266 1484 quem
1287 1398 1365 1462 defi·

410 1496 492 1560 nivit
505 1494 718 1582 Philosophus
727 1520 794 1561 esse
803 1497 1092 1583 concupiscentiam
1102 1497 1247 1570 coeundi.
1271 1502 1366 1565 Cam-

410 1621 526 1685 panam
546 1597 708 1663 luxuriam
730 1599 801 1663 urbi
823 1599 922 1662 fuisse
942 1599 1123 1684 perutilem,
1144 1599 1365 1666 historicorum

411 1699 590 1764 testimonio
605 1700 728 1764 celebre
743 1714 801 1766 est.
848 1701 1008 1765 Invictum
1024 1700 1105 1764 enim
1128 1701 1224 1765 armis
1242 1703 1366 1767 Hanni·

410 1802 526 1880 balem,
546 1799 702 1866 illecebris
723 1803 788 1867 suis
811 1802 988 1886 complexa,
1008 1806 1154 1867 Romano
1177 1802 1271 1868 militi
1299 1805 1366 1869 vin-

409 1902 546 1968 cendum
577 1902 719 1968 tradidit.
766 1902 828 1966 Illa
856 1901 1130 1987 vigilantissimum
1162 1904 1288 1987 ducem,
1311 1904 1366 1970 illa

411 2004 588 2067 exercitum
604 2002 804 2076 acerrimum,
817 2001 955 2088 dapibus
967 2000 1075 2087 largis,
1088 2004 1264 2069 abundanti
1280 2006 1364 2082 vino,

413 2119 649 2191 unguentorum
681 2102 850 2189 fragantia,
877 2104 1010 2169 Veneris
1040 2128 1100 2169 usu
1131 2106 1293 2172 lasciviore
1323 2109 1364 2173 ad

412 2230 558 2271 somnum
575 2220 608 2271 et
623 2205 748 2271 delitias
762 2205 914 2269 evocavit.
960 2210 1006 2271 Ac
1022 2219 1088 2272 tum
1113 2208 1241 2273 demum
1264 2211 1366 2276 fracta

410 2326 442 2375 et
453 2325 588 2375 contusa
598 2309 721 2375 Punica
730 2308 839 2373 feritas
848 2319 907 2385 est,
915 2332 1014 2396 quum
1027 2310 1179 2397 Seplasia,
1186 2326 1217 2376 et
1228 2312 1366 2378 Albania

411 2426 497 2477 casta
511 2436 579 2477 esse
593 2423 769 2496 coeperunt.
816 2411 902 2488 Quid
923 2434 999 2496 ergo
1019 2412 1069 2475 his
1087 2413 1172 2478 vitiis
1192 2414 1311 2480 soedius
1332 2430 1364 2480 et

410 2515 604 2592 damnosius,
634 2514 753 2599 quibus
778 2513 880 2578 virtus
906 2514 1066 2588 atteritur,
1094 2515 1235 2581 victorias
1264 2521 1365 2582 relan-

411 2629 582 2703 guescunt,
596 2616 699 2702 sopita
713 2614 815 2699 gloria
830 2618 861 2678 in
877 2614 1038 2679 infamiam
1052 2615 1195 2696 vertitur,
1204 2617 1364 2704 animique

410 2721 531 2806 pariter
545 2733 578 2784 et
593 2721 733 2804 corporis
749 2717 830 2779 vires
844 2715 924 2780 adeo
939 2731 1177 2801 expugnantur,
1194 2731 1230 2781 ut
1246 2721 1366 2784 nescias

410 2824 452 2887 ab
464 2821 663 2892 hostibusne,
679 2842 719 2883 an
735 2819 776 2883 ab
797 2818 858 2881 illis
873 2817 944 2904 capi
960 2818 1166 2903 perniciosius
1182 2818 1363 2884 habendum

410 2925 461 2990 sit.
509 2923 598 2989 Urbs
625 2920 899 2986 volumniensium
924 2919 1076 3006 opulenta
1101 2920 1232 2994 divitiis,
1253 2934 1366 2986 ornata

410 3025 565 3101 moribus,
580 3038 612 3088 et
629 3023 752 3108 legibus
773 3021 931 3097 ordinata,
948 3033 1044 3108 caput
1065 3021 1161 3085 curiae
1176 3021 1364 3087 habebatur.

411 3127 474 3194 Sed
490 3140 660 3214 postquam
677 3124 805 3189 luxuria
819 3123 968 3209 prolapsa
982 3136 1040 3199 est,
1056 3126 1087 3188 in
1108 3124 1301 3209 profundum
1318 3126 1366 3190 in-

405 3229 566 3315 juriarum
583 3241 615 3291 et
630 3225 841 3313 turpitudinis
856 3224 987 3301 decidit,
1006 3238 1039 3288 ut
1056 3247 1217 3289 servorum
1233 3248 1266 3288 se
1280 3227 1365 3290 inso-

411 3330 596 3396 lentissimae
605 3327 814 3392 dominationi
826 3327 1007 3413 subjiceret,
1020 3325 1076 3412 qui
1089 3325 1182 3411 primi
1191 3326 1364 3391 admodum

410 3431 504 3518 pauci
521 3444 700 3494 senatorum
716 3427 859 3492 ordinem
876 3429 993 3492 intrare
1009 3427 1087 3507 ausi,
1099 3451 1172 3491 mox
1185 3429 1363 3494 nniversam

409 3531 637 3618 rempublicam
658 3544 906 3616 occupaverunt,
922 3543 1112 3594 testamenta
1132 3528 1172 3592 ad
1193 3531 1361 3596 arbitrium

405 3659 499 3702 suum
517 3635 609 3700 scribi
620 3634 792 3722 jubebant,
807 3634 951 3698 convivia
966 3647 1130 3720 coetusque
1149 3633 1359 3720 ingenuorum

405 3742 472 3806 fieri
489 3742 652 3817 vetabant,
667 3738 827 3804 ducebant
843 3739 925 3803 filias
939 3739 1151 3804 dominorum.
1196 3744 1361 3808 Postremo

406 3844 477 3930 lege
493 3857 678 3922 sanxerunt,
694 3854 731 3907 ut
746 3855 875 3928 strupra
890 3865 948 3905 sua
962 3842 993 3906 in
1011 3842 1117 3906 viduis
1132 3858 1188 3908 aut
1204 3847 1235 3909 in
1252 3847 1361 3933 nuptis

407 3948 570 4032 impunita
595 3959 716 4024 essent3
745 3967 782 4007 ac
803 3965 840 4006 ne
860 3966 927 4029 qua
947 3945 1037 4029 virgo
1060 3945 1197 4028 ingenuo
1218 3949 1363 4025 nuberet,

407 4050 500 4134 cujus
515 4047 692 4110 castitatem
713 4068 775 4108 non
791 4058 865 4108 ante
880 4044 996 4132 aliquis
1011 4070 1050 4109 ex
1067 4069 1200 4110 numero
1219 4051 1361 4132 ipsorum

408 4149 589 4213 delibasset.
636 4148 777 4232 AEsopus
797 4146 981 4230 Tragoedus
1001 4147 1128 4212 furiosae
1149 4146 1288 4211 luxuriae
1308 4149 1361 4210 de-

410 4251 514 4336 pingit
526 4251 691 4336 juvenem,
707 4271 803 4334 quem
819 4261 941 4312 constat
961 4264 1050 4314 aceto
1070 4247 1258 4333 liquefactos
1272 4270 1365 4331 gran-

409 4353 460 4417 dis
480 4374 615 4417 summa·
636 4355 765 4416 uniones
787 4351 971 4434 potionibus
990 4372 1154 4435 aspergere
1174 4349 1313 4426 solitum,
1331 4361 1367 4414 ut
