3550 5467
407 721 472 782 324
671 732 811 778 sossius
827 731 1111 779 sanasnnatsssts
1208 716 1287 796 [ma.
1302 735 1363 780 rm.

407 885 550 961 lantiam,
573 882 749 958 libidinem,
780 883 954 958 luxuriam,
984 883 1172 960 avaritiam,
1203 884 1363 948 crudelita-

410 1002 539 1072 temque
549 983 791 1069 scelerequovis
802 984 955 1048 exercuit.
984 985 1087 1048 Teste
1099 987 1364 1072 namqueOrosio,

409 1087 547 1172 percitus
570 1085 760 1172 petulantia,
786 1084 892 1148 omnia
917 1107 1010 1168 paene
1041 1085 1151 1150 Italiae
1181 1100 1214 1151 et
1243 1087 1364 1152 Graeciae

410 1188 535 1251 theatra
565 1185 773 1272 perlustrans,
802 1198 967 1272 assumpto
996 1186 1096 1249 etiam
1129 1187 1212 1250 varii
1245 1187 1365 1251 vestitur

409 1287 575 1363 dedecore,
592 1286 740 1371 Cerycas,
755 1286 788 1350 id
812 1301 872 1361 est,
887 1287 1075 1362 cornicines,
1091 1288 1289 1363 citharistas,
1310 1301 1366 1352 tra·

410 1389 534 1475 goedos,
553 1400 585 1451 et
608 1391 748 1472 aurigas,
771 1410 855 1474 saepe
879 1388 965 1451 visus
988 1401 1037 1451 est
1060 1408 1244 1473 superasse.
1288 1386 1366 1452 Libi-

411 1490 541 1554 dinibus
562 1513 692 1576 quoque
714 1491 811 1552 tantis
832 1492 1016 1572 exagitatus
1039 1502 1100 1567 est,
1118 1503 1157 1554 ut
1179 1512 1222 1552 ne
1242 1512 1262 1552 a
1275 1504 1365 1554 matre

412 1591 556 1677 quidem,
571 1589 621 1653 rel
637 1612 751 1665 sorore,
767 1588 872 1652 ullave
893 1589 1184 1679 consanguinitatis
1200 1594 1367 1655 reverentia

413 1693 605 1759 abstinuisse
619 1692 795 1765 reseratum
825 1691 928 1753 virum
950 1690 983 1753 itt
999 1714 1133 1755 uxorem
1150 1691 1294 1776 duxerit,
1307 1696 1369 1779 ipse

414 1819 435 1858 a
449 1796 519 1859 viro
535 1807 570 1860 ut
586 1817 668 1858 uxor
684 1804 833 1878 acceptus
854 1791 905 1856 sit.
949 1793 1108 1856 Luxuriae
1129 1807 1194 1858 tam
1212 1794 1366 1859 effrenato

413 1897 488 1973 suit,
520 1909 555 1960 ut
585 1895 707 1959 retibus
738 1894 841 1958 aureis
870 1892 1059 1978 piscaretur,
1089 1918 1167 1980 quoe
1204 1895 1369 1982 purpureis

412 1998 545 2062 funibus
573 1995 844 2068 extrahebantur3
882 1994 1010 2079 frigidis
1038 2008 1071 2059 et
1110 1996 1226 2060 calidis
1256 1997 1368 2061 lavaret

413 2096 603 2179 unguentis:
635 2093 754 2158 nullam
783 2107 902 2156 vestem
929 2092 979 2156 bis
1003 2094 1120 2170 induit,
1147 2118 1205 2160 uec
1230 2119 1366 2181 unquam

411 2194 517 2257 minus
530 2194 616 2258 mille
628 2195 767 2257 carrucis
781 2193 952 2257 confecisse
964 2194 1106 2259 traditur
1119 2195 1188 2261 iter.
1223 2198 1366 2282 Denique

412 2293 501 2356 urbis
523 2294 637 2356 Romae
652 2294 835 2357 incendium
859 2294 1034 2379 voluptatis
1060 2317 1128 2358 suae
1153 2295 1364 2381 spectaculum

411 2392 498 2468 fecit,
510 2415 567 2477 per
582 2416 635 2456 sex
652 2392 720 2457 dies
736 2411 924 2481 septemque
939 2408 1048 2460 noctes
1063 2395 1180 2460 ardens
1195 2397 1306 2460 civitas
1320 2420 1367 2460 re·

411 2495 482 2582 gios
502 2498 589 2583 parit
611 2507 767 2581 aspectus.
808 2495 932 2560 Horrea
954 2496 1080 2582 quadro
1104 2512 1231 2562 structa
1253 2498 1364 2585 lapide,

413 2597 819 2684 magnaequeillaeveterum
831 2597 1045 2682 insulae,quas
1056 2598 1365 2666 discurrensflamma

413 2699 501 2763 adire
516 2722 579 2763 non
601 2712 737 2785 poterat,
755 2700 877 2784 magnis
900 2699 1053 2762 machinis
1075 2700 1238 2785 quondam
1254 2701 1294 2765 ad
1314 2724 1366 2764 ex·

414 2813 504 2865 terna
524 2799 608 2864 bella
629 2801 826 2886 praeparatis,
850 2801 1014 2864 labefactae
1037 2813 1136 2886 atque
1164 2801 1362 2866 inflammata

414 2916 500 2978 sunt,
524 2902 565 2966 ad
596 2902 765 2987 adytorum
797 2901 983 2980 mansiones,
1010 2901 1243 2988 bustorumque
1267 2903 1366 2967 diver·

414 3003 508 3079 soria,
520 3002 637 3066 infelici
649 3003 741 3088 plebe
753 3002 926 3089 compulsa.
967 3002 1063 3076 Quod
1079 3006 1148 3088 ipse
1165 3028 1205 3068 ex
1220 3003 1365 3069 altissima

413 3103 645 3170 Maecenatiana
655 3116 743 3167 turre
759 3117 977 3189 prospectans,
992 3103 1152 3190 laetusque
1169 3109 1315 3181 flammae,
1330 3117 1363 3169 ut

412 3205 528 3284 aiebat,
542 3204 792 3290 pulchritudine,
808 3206 930 3290 tragico
953 3204 1066 3269 habitu
1090 3206 1255 3271 heliofeles
1275 3207 1364 3272 odam

414 3319 504 3371 sonat
533 3306 743 3370 sacerdotales
772 3306 909 3391 hymnos
938 3306 1088 3382 civitatis,
1119 3311 1152 3371 in
1193 3331 1260 3393 qua
1289 3307 1364 3372 Solis

413 3407 563 3492 splendor
587 3407 713 3486 colitur,
738 3406 938 3471 decantabat.
984 3408 1141 3473 Avaritiae
1169 3425 1279 3474 autent
1304 3423 1363 3474 tant

414 3520 586 3593 praerupta
601 3507 720 3586 extitit,
736 3522 773 3572 ut
788 3519 860 3593 post
880 3507 940 3571 hoc
956 3507 1138 3572 incendium
1157 3511 1258 3589 urbis,
1273 3531 1362 3595 quam

411 3627 445 3667 se
468 3608 640 3689 Augustus
659 3630 699 3669 ex
720 3607 858 3671 lateritia
878 3628 1085 3670 marmoream
1108 3606 1287 3672 reddidisse
1303 3609 1364 3694 jac·

411 3717 546 3780 taverat,
568 3705 725 3769 neminem
749 3709 791 3770 ad
814 3706 965 3792 reliquias
987 3728 1094 3771 rerum
1123 3730 1256 3773 suarum
1282 3707 1363 3772 adire

410 3803 597 3891 permiserit.
643 3807 769 3869 Cuncta
791 3830 865 3892 quae
887 3807 1024 3872 flammae
1046 3830 1179 3895 quoque
1202 3809 1296 3874 modo
1315 3830 1363 3873 su·

410 3906 607 3995 perfuerant,
630 3904 698 3991 ipse
720 3907 873 3973 abstulit:
898 3910 1015 3974 centies
1037 3923 1172 3975 centena
1188 3912 1288 3977 millia
1308 3933 1365 3975 ses·

411 4009 540 4076 tertium
556 4029 661 4071 annua
675 4030 694 4070 a
709 4022 820 4074 senatu
843 4011 982 4076 conferri
1001 4010 1061 4075 sibi
1084 4013 1278 4097 imperavit:
1301 4013 1367 4098 plu·

411 4113 508 4176 timos
524 4112 720 4185 Senatorum,
737 4111 825 4175 nulla
839 4126 969 4177 extante
983 4135 1091 4192 causa,
1106 4114 1201 4179 bonis
1213 4113 1362 4203 privarit:

411 4216 644 4297 negotiatorum
660 4212 800 4278 omnium
818 4217 878 4277 sub
897 4236 961 4276 una
975 4212 1038 4292 die,
1054 4217 1227 4280 tormentis
1241 4234 1366 4301 quoque

409 4313 572 4391 adhibitis,
587 4335 711 4378 omnem
732 4313 861 4399 penitus
882 4335 1012 4377 censum
1033 4313 1203 4380 abstorsit.
1249 4313 1368 4380 Crude-
