3550 5467
552 747 611 805 lot
685 817 696 835 .
804 756 1242 801 soaunrssanasnaaressrs
1347 739 1496 818 [araur

553 910 692 974 nerauda
707 909 880 994 penetralia
902 907 1081 994 proserpit?
1113 906 1200 984 Quid
1216 906 1361 994 deniqne
1380 923 1499 973 cautum

553 1035 619 1075 esse
640 1012 766 1095 poterit,
782 1025 838 1074 aut
855 1032 1014 1084 securum,
1031 1008 1056 1070 si
1072 1006 1225 1072 sanctitas
1240 1010 1429 1095 incorrupta
1441 1035 1500 1075 oor·

554 1111 740 1199 rumpitur?
771 1115 880 1177 Cesset
893 1110 1049 1177 altaribus
1064 1111 1230 1173 imminere
1247 1112 1404 1196 profanus
1416 1113 1502 1177 ardor

553 1214 706 1290 avaritiae,
730 1229 761 1279 et
784 1239 803 1276 a
826 1214 922 1277 sacris
943 1214 1051 1298 adytis
1073 1212 1248 1296 repellatur
1270 1214 1434 1300 piaculare
1455 1221 1502 1280 lla-

552 1318 676 1402 gitium.
724 1319 839 1402 Itaque
869 1332 976 1380 castus
1002 1331 1034 1380 et
1066 1315 1196 1379 humilis
1224 1316 1366 1401 eligatur
1397 1320 1502 1383 nostris

552 1421 750 1505 temporibus
775 1421 956 1503 episcopus,
983 1433 1019 1481 ut
1046 1417 1186 1481 locorum
1214 1443 1413 1506 quocunque
1437 1445 1500 1506 per·

553 1521 684 1596 venerit,
714 1521 819 1583 omnia
849 1519 924 1582 vitae
955 1519 1092 1604 propriae
1123 1518 1311 1601 integritate
1352 1523 1499 1606 purificet.

554 1628 628 1689 Non
647 1623 766 1709 precio,
783 1622 836 1685 sed
862 1621 1009 1707 precibus
1030 1620 1198 1684 ordinetur
1221 1623 1366 1698 antistes,
1384 1639 1499 1687 tantum

553 1728 595 1790 ab
606 1728 727 1790 ambitu
739 1726 834 1788 debet
847 1747 914 1786 esse
926 1723 1093 1807 sepositus,
1107 1736 1143 1785 ut
1156 1738 1322 1806 quaeratur
1335 1726 1500 1810 cogendus,

554 1849 684 1913 rogatus
699 1829 836 1903 recedat,
854 1827 1007 1889 invitatus
1031 1825 1172 1908 effugiat.
1220 1824 1297 1891 Sola
1322 1826 1367 1890 illi
1394 1829 1499 1893 suffra·

553 1947 648 2014 getur
669 1931 836 1993 necessitas
851 1926 1034 1991 excusandi.
1079 1929 1226 1990 Profecto
1248 1929 1332 1991 enim
1358 1929 1500 2013 indignus

553 2043 601 2095 est
623 2032 809 2106 sacerdotio,
831 2031 888 2093 nisi
913 2029 1010 2092 fuerit
1032 2029 1199 2093 ordinatus
1222 2031 1355 2095 invitus.
1400 2035 1499 2110 Quum

553 2156 626 2196 sane
642 2133 788 2218 quisquis
804 2134 884 2194 banc
908 2143 1045 2194 sanctam
1069 2145 1101 2194 et
1118 2133 1329 2196 venerabilem
1355 2135 1499 2199 antistitis

553 2234 656 2298 sedem
674 2235 817 2318 pecuniae
834 2235 1013 2297 interventu
1028 2234 1172 2312 subiisse,
1184 2249 1241 2298 aut
1253 2237 1279 2298 si
1296 2237 1370 2322 quis
1383 2252 1418 2301 ut
1429 2237 1500 2302 alte-

552 2358 622 2398 rum
636 2334 795 2396 ordinaret
809 2333 856 2394 vel
869 2334 1013 2415 eligeret,
1027 2333 1147 2418 aliquid
1162 2336 1321 2420 accepisse
1332 2337 1499 2422 detegitur,

554 2437 692 2500 adinstar
713 2435 832 2520 publici
858 2435 1009 2516 criminis,
1025 2451 1057 2499 et
1074 2436 1157 2500 laesae
1181 2439 1358 2521 majestatis
1381 2463 1500 2503 accusa·

554 2540 639 2602 tione
655 2539 862 2624 proposita,a
883 2536 988 2622 gradu
1011 2539 1176 2602 sacerdotii
1200 2541 1391 2605 retrahatur.
1438 2546 1499 2607 Nec

554 2641 657 2706 solum
675 2641 825 2725 deinceps
841 2640 959 2703 honore
975 2641 1104 2723 privari,
1122 2641 1176 2704 sed
1193 2655 1360 2727 perpetuas
1377 2665 1499 2730 quoque

553 2746 692 2808 infamias
719 2743 860 2807 damnaui
888 2742 1097 2820 decrevimus,
1125 2758 1158 2807 ut
1186 2767 1250 2822 eos,
1274 2767 1356 2830 quos
1382 2746 1499 2809 facinus

553 2870 611 2932 par
641 2847 835 2932 coinquinat,
865 2860 897 2909 et
928 2859 1045 2930 aequat,
1076 2860 1231 2930 utrosque
1270 2845 1382 2911 similis
1411 2872 1500 2934 poena

553 2949 733 3012 comitetur.
779 2950 859 3011 Item
875 2946 1076 3012 Justinianus
1092 2947 1233 3010 novella:
1268 2945 1342 3011 Prae
1357 2952 1499 3016 omuibus

552 3051 639 3114 istud
664 3051 822 3113 observari
846 3048 1013 3122 sancimuS,
1035 3063 1069 3110 ut
1098 3048 1204 3112 nullus
1230 3073 1287 3135 per
1314 3052 1497 3138 suffragium

552 3152 686 3236 alicujus
701 3152 841 3216 muneris
857 3154 1024 3236 episcopus
1037 3148 1211 3214 ordinetur.
1252 3152 1286 3216 Si
1303 3152 1383 3237 quid
1398 3167 1498 3219 autem

553 3255 616 3317 tale
631 3254 861 3328 committatur,
877 3253 938 3336 ipsi
954 3252 1065 3315 dantes
1080 3264 1111 3314 et
1127 3251 1327 3336 accipientes,
1342 3268 1376 3318 et
1395 3278 1498 3320 eorum

552 3357 740 3419 mediatores
770 3355 965 3419 damnationi
994 3353 1212 3439 subjiciantur.
1267 3358 1312 3421 Et
1351 3376 1499 3443 praeterea

551 3456 607 3541 qui
635 3456 702 3530 dat,
725 3457 834 3542 etqui
858 3458 985 3541 accipit,
1010 3470 1041 3519 et
1066 3454 1231 3532 mediator,
1255 3461 1424 3525 sacerdotii
1446 3474 1497 3524 aut

551 3556 625 3619 cleri
643 3557 759 3618 honore
776 3574 983 3624 removeatur.
1030 3557 1123 3635 Quod
1141 3575 1244 3622 autem
1261 3582 1320 3642 pro
1336 3561 1396 3626 bae
1410 3586 1499 3627 causa

551 3657 661 3720 datum
685 3671 744 3733 est,
768 3658 906 3722 ecclesia·
929 3658 974 3721 illi
998 3658 1192 3737 vendicetur,
1214 3661 1309 3745 cujus
1331 3663 1433 3728 voluit
1455 3688 1498 3727 sa·

549 3759 725 3824 cerdotinm
742 3783 935 3845 comparare.
984 3761 1017 3824 Si
1041 3761 1122 3824 sorte
1146 3761 1243 3825 laicus
1267 3765 1424 3830 mediator
1445 3789 1499 3851 pro

549 3862 608 3926 hac
628 3885 723 3925 causa
745 3862 867 3948 aliquid
894 3862 1062 3947 acceperit,
1087 3862 1119 3924 in
1143 3862 1280 3946 duplum
1305 3865 1338 3927 id
1365 3867 1498 3930 ecelesia

550 3965 707 4028 restituat.
755 3967 865 4028 Idem:
906 3963 967 4027 Sed
992 3987 1094 4046 neque
1117 3965 1291 4047 quemlibet
1318 3968 1499 4032 venerabilis

550 4068 663 4132 domus
684 4069 940 4152 gubernatorem,
957 4080 1013 4129 aut
1035 4064 1128 4128 aliam
1153 4089 1380 4155 quamcunque
1402 4070 1497 4133 solici-

549 4171 691 4236 tudinem
716 4171 956 4235 eeelesiasticam
982 4182 1140 4251 agentem,
1167 4169 1244 4232 dare
1266 4170 1391 4256 aliquid
1415 4172 1498 4237 illia

550 4297 614 4358 quo
630 4275 848 4346 constituitur,
865 4289 922 4334 aut
946 4270 1024 4332 nulli
1051 4292 1191 4353 personae
1216 4271 1322 4350 liceat,
1346 4296 1497 4358 procum-

551 4374 644 4435 missa
671 4375 728 4437 sibi
753 4371 993 4455 gubernatione.
1027 4371 1089 4447 Qui
1121 4393 1193 4433 veru
1221 4373 1278 4435 dat
1306 4393 1362 4438 aut
1390 4377 1498 4461 accipit
