<?xml version="1.0" encoding="UTF-8"?>
<!DOCTYPE html PUBLIC "-//W3C//DTD XHTML 1.0 Transitional//EN"
    "http://www.w3.org/TR/xhtml1/DTD/xhtml1-transitional.dtd">
<html xmlns="http://www.w3.org/1999/xhtml" xml:lang="en" lang="en">
 <head>
  <title>
</title>
<meta http-equiv="Content-Type" content="text/html;charset=utf-8" />
  <meta name='ocr-system' content='tesseract 3.04.00' />
  <meta name='ocr-capabilities' content='ocr_page ocr_carea ocr_par ocr_line ocrx_word'/>
</head>
<body>
  <div class='ocr_page' id='page_1' title='image "./joannissaresber17johngoog_0138.png"; bbox 0 0 3550 5467; ppageno 0'>
   <div class='ocr_carea' id='block_1_1' title="bbox 409 709 1362 788">
    <p class='ocr_par' dir='ltr' id='par_1_1' title="bbox 409 709 1362 788">
     <span class='ocr_line' id='line_1_1' title="bbox 409 709 1362 788; baseline 0 -14"><span class='ocrx_word' id='word_1_1' title='bbox 409 717 469 776; x_wconf 74' lang='lat' dir='ltr'>les</span> <span class='ocrx_word' id='word_1_2' title='bbox 664 726 802 772; x_wconf 82' lang='lat' dir='ltr'>rosaars</span> <span class='ocrx_word' id='word_1_3' title='bbox 818 725 1099 771; x_wconf 78' lang='lat' dir='ltr'>sannsasnrensrs</span> <span class='ocrx_word' id='word_1_4' title='bbox 1205 709 1290 788; x_wconf 83' lang='lat' dir='ltr'>[ma.</span> <span class='ocrx_word' id='word_1_5' title='bbox 1306 727 1362 774; x_wconf 89' lang='lat' dir='ltr'>vn.</span> 
     </span>
    </p>
   </div>
   <div class='ocr_carea' id='block_1_2' title="bbox 404 875 1365 4311">
    <p class='ocr_par' dir='ltr' id='par_1_2' title="bbox 406 875 1364 2140">
     <span class='ocr_line' id='line_1_2' title="bbox 407 875 1361 964; baseline -0.002 -20"><span class='ocrx_word' id='word_1_6' title='bbox 407 879 501 944; x_wconf 89' lang='lat' dir='ltr'>struit</span> <span class='ocrx_word' id='word_1_7' title='bbox 518 880 705 943; x_wconf 88' lang='lat' dir='ltr'>sententiam</span> <span class='ocrx_word' id='word_1_8' title='bbox 723 877 771 940; x_wconf 81' lang='lat' dir='ltr'>rel</span> <span class='ocrx_word' id='word_1_9' title='bbox 787 899 935 940; x_wconf 85' lang='lat' dir='ltr'>errorem.</span> <span class='ocrx_word' id='word_1_10' title='bbox 980 875 1143 940; x_wconf 89' lang='lat' dir='ltr'>Oriuntur</span> <span class='ocrx_word' id='word_1_11' title='bbox 1158 876 1234 941; x_wconf 90' lang='lat' dir='ltr'>hinc</span> <span class='ocrx_word' id='word_1_12' title='bbox 1250 901 1361 964; x_wconf 85' lang='lat' dir='ltr'>magua</span> 
     </span>
     <span class='ocr_line' id='line_1_3' title="bbox 408 977 1360 1068; baseline -0.001 -22"><span class='ocrx_word' id='word_1_13' title='bbox 408 980 574 1047; x_wconf 88' lang='lat' dir='ltr'>seminaria</span> <span class='ocrx_word' id='word_1_14' title='bbox 592 980 789 1068; x_wconf 86' lang='lat' dir='ltr'>jurgiorum,</span> <span class='ocrx_word' id='word_1_15' title='bbox 809 992 841 1043; x_wconf 92' lang='lat' dir='ltr'>et</span> <span class='ocrx_word' id='word_1_16' title='bbox 871 977 991 1063; x_wconf 73' lang='lat' dir='ltr'>colligit</span> <span class='ocrx_word' id='word_1_17' title='bbox 1019 977 1158 1064; x_wconf 91' lang='lat' dir='ltr'>quisque</span> <span class='ocrx_word' id='word_1_18' title='bbox 1184 1002 1251 1066; x_wconf 92' lang='lat' dir='ltr'>quo</span> <span class='ocrx_word' id='word_1_19' title='bbox 1277 1004 1360 1045; x_wconf 89' lang='lat' dir='ltr'>suam</span> 
     </span>
     <span class='ocr_line' id='line_1_4' title="bbox 407 1076 1360 1167; baseline 0.002 -24"><span class='ocrx_word' id='word_1_20' title='bbox 407 1081 506 1167; x_wconf 81' lang='lat' dir='ltr'>possit</span> <span class='ocrx_word' id='word_1_21' title='bbox 522 1081 655 1143; x_wconf 69' lang='lat' dir='ltr'>haeresin</span> <span class='ocrx_word' id='word_1_22' title='bbox 671 1078 869 1143; x_wconf 84' lang='lat' dir='ltr'>confirmare.</span> <span class='ocrx_word' id='word_1_23' title='bbox 915 1079 948 1139; x_wconf 87' lang='grc' dir='ltr'><strong>Α</strong></span> <span class='ocrx_word' id='word_1_24' title='bbox 961 1076 1135 1162; x_wconf 88' lang='lat' dir='ltr'>generibus</span> <span class='ocrx_word' id='word_1_25' title='bbox 1149 1090 1182 1142; x_wconf 87' lang='lat' dir='ltr'>ct</span> <span class='ocrx_word' id='word_1_26' title='bbox 1199 1080 1360 1165; x_wconf 73' lang='lat' dir='ltr'>speciebus</span> 
     </span>
     <span class='ocr_line' id='line_1_5' title="bbox 406 1178 1360 1269; baseline 0.002 -24"><span class='ocrx_word' id='word_1_27' title='bbox 406 1204 609 1267; x_wconf 87' lang='lat' dir='ltr'>nequaquam</span> <span class='ocrx_word' id='word_1_28' title='bbox 626 1180 797 1257; x_wconf 83' lang='lat' dir='ltr'>receditur,</span> <span class='ocrx_word' id='word_1_29' title='bbox 813 1179 868 1243; x_wconf 90' lang='lat' dir='ltr'>sed</span> <span class='ocrx_word' id='word_1_30' title='bbox 887 1202 926 1242; x_wconf 90' lang='lat' dir='ltr'>eo</span> <span class='ocrx_word' id='word_1_31' title='bbox 947 1178 1134 1264; x_wconf 78' lang='lat' dir='ltr'>applicabit,</span> <span class='ocrx_word' id='word_1_32' title='bbox 1150 1180 1360 1269; x_wconf 89' lang='lat' dir='ltr'>undecunque</span> 
     </span>
     <span class='ocr_line' id='line_1_6' title="bbox 407 1281 1361 1348; baseline 0.001 -2"><span class='ocrx_word' id='word_1_33' title='bbox 407 1282 576 1346; x_wconf 88' lang='lat' dir='ltr'>institutus</span> <span class='ocrx_word' id='word_1_34' title='bbox 591 1282 631 1345; x_wconf 90' lang='lat' dir='ltr'>sit</span> <span class='ocrx_word' id='word_1_35' title='bbox 647 1304 758 1344; x_wconf 86' lang='lat' dir='ltr'>sermo.</span> <span class='ocrx_word' id='word_1_36' title='bbox 804 1281 968 1346; x_wconf 88' lang='lat' dir='ltr'>Poeticum</span> <span class='ocrx_word' id='word_1_37' title='bbox 990 1281 1078 1345; x_wconf 89' lang='lat' dir='ltr'>illum</span> <span class='ocrx_word' id='word_1_38' title='bbox 1097 1296 1130 1345; x_wconf 90' lang='lat' dir='ltr'>te</span> <span class='ocrx_word' id='word_1_39' title='bbox 1146 1281 1257 1347; x_wconf 90' lang='lat' dir='ltr'>subito</span> <span class='ocrx_word' id='word_1_40' title='bbox 1272 1286 1361 1348; x_wconf 86' lang='lat' dir='ltr'>mira·</span> 
     </span>
     <span class='ocr_line' id='line_1_7' title="bbox 407 1381 1362 1469; baseline 0.003 -22"><span class='ocrx_word' id='word_1_41' title='bbox 407 1383 491 1447; x_wconf 88' lang='lat' dir='ltr'>beris</span> <span class='ocrx_word' id='word_1_42' title='bbox 517 1381 670 1446; x_wconf 87' lang='lat' dir='ltr'>invenisse</span> <span class='ocrx_word' id='word_1_43' title='bbox 695 1385 861 1466; x_wconf 88' lang='lat' dir='ltr'>pictorem,</span> <span class='ocrx_word' id='word_1_44' title='bbox 883 1386 938 1468; x_wconf 92' lang='lat' dir='ltr'>qui</span> <span class='ocrx_word' id='word_1_45' title='bbox 962 1382 1002 1445; x_wconf 90' lang='lat' dir='ltr'>ad</span> <span class='ocrx_word' id='word_1_46' title='bbox 1027 1383 1145 1462; x_wconf 85' lang='lat' dir='ltr'>omnia,</span> <span class='ocrx_word' id='word_1_47' title='bbox 1164 1408 1241 1469; x_wconf 84' lang='lat' dir='ltr'>quae</span> <span class='ocrx_word' id='word_1_48' title='bbox 1263 1408 1362 1449; x_wconf 86' lang='lat' dir='ltr'>neces·</span> 
     </span>
     <span class='ocr_line' id='line_1_8' title="bbox 409 1481 1364 1570; baseline 0.002 -22"><span class='ocrx_word' id='word_1_49' title='bbox 409 1485 486 1549; x_wconf 90' lang='lat' dir='ltr'>sitas</span> <span class='ocrx_word' id='word_1_50' title='bbox 502 1487 617 1569; x_wconf 81' lang='lat' dir='ltr'>exigit,</span> <span class='ocrx_word' id='word_1_51' title='bbox 634 1482 692 1546; x_wconf 92' lang='lat' dir='ltr'>scit</span> <span class='ocrx_word' id='word_1_52' title='bbox 708 1481 839 1546; x_wconf 80' lang='lat' dir='ltr'>sortasse</span> <span class='ocrx_word' id='word_1_53' title='bbox 850 1487 869 1517; x_wconf 93' lang='lat'><strong>“</strong></span> <span class='ocrx_word' id='word_1_54' title='bbox 885 1482 1033 1546; x_wconf 87' lang='lat' dir='ltr'>simulare</span> <span class='ocrx_word' id='word_1_55' title='bbox 1047 1490 1268 1570; x_wconf 84' lang='lat' dir='ltr'>cupressum.”</span> <span class='ocrx_word' id='word_1_56' title='bbox 1305 1487 1364 1550; x_wconf 90' lang='lat' dir='ltr'>De-</span> 
     </span>
     <span class='ocr_line' id='line_1_9' title="bbox 410 1584 1363 1674; baseline 0.002 -23"><span class='ocrx_word' id='word_1_57' title='bbox 410 1588 485 1671; x_wconf 85' lang='lat' dir='ltr'>sipit</span> <span class='ocrx_word' id='word_1_58' title='bbox 507 1585 553 1649; x_wconf 89' lang='lat' dir='ltr'>ita</span> <span class='ocrx_word' id='word_1_59' title='bbox 577 1584 681 1650; x_wconf 86' lang='lat' dir='ltr'>Rufus</span> <span class='ocrx_word' id='word_1_60' title='bbox 703 1584 734 1648; x_wconf 91' lang='lat' dir='ltr'>in</span> <span class='ocrx_word' id='word_1_61' title='bbox 760 1584 918 1657; x_wconf 64' lang='lat' dir='ltr'>Naevian</span> <span class='ocrx_word' id='word_1_62' title='bbox 941 1608 1006 1671; x_wconf 87' lang='lat' dir='ltr'>qua</span> <span class='ocrx_word' id='word_1_63' title='bbox 1028 1608 1113 1663; x_wconf 89' lang='lat' dir='ltr'>eum,</span> <span class='ocrx_word' id='word_1_64' title='bbox 1131 1598 1213 1651; x_wconf 88' lang='lat' dir='ltr'>teste</span> <span class='ocrx_word' id='word_1_65' title='bbox 1238 1590 1363 1674; x_wconf 83' lang='lat' dir='ltr'>Coqua,</span> 
     </span>
     <span class='ocr_line' id='line_1_10' title="bbox 409 1687 895 1754; baseline -0.006 -1"><span class='ocrx_word' id='word_1_66' title='bbox 409 1690 519 1754; x_wconf 90' lang='lat' dir='ltr'>nullus</span> <span class='ocrx_word' id='word_1_67' title='bbox 532 1712 625 1753; x_wconf 85' lang='lat' dir='ltr'>casus</span> <span class='ocrx_word' id='word_1_68' title='bbox 640 1687 766 1751; x_wconf 84' lang='lat' dir='ltr'>avertit.</span> <span class='ocrx_word' id='word_1_69' title='bbox 811 1691 895 1751; x_wconf 92' lang='lat' dir='ltr'>Nam</span> 
     </span>
     <span class='ocr_line' id='line_1_11' title="bbox 518 1817 1227 1889; baseline 0.006 -18"><span class='ocrx_word' id='word_1_70' title='bbox 518 1820 649 1889; x_wconf 80' lang='lat' dir='ltr'>Quicquid</span> <span class='ocrx_word' id='word_1_71' title='bbox 661 1821 717 1887; x_wconf 76' lang='lat' dir='ltr'>agit</span> <span class='ocrx_word' id='word_1_72' title='bbox 730 1817 824 1882; x_wconf 83' lang='lat' dir='ltr'>Rufus,</span> <span class='ocrx_word' id='word_1_73' title='bbox 836 1818 902 1871; x_wconf 87' lang='lat' dir='ltr'>nibil</span> <span class='ocrx_word' id='word_1_74' title='bbox 913 1826 955 1872; x_wconf 85' lang='lat' dir='ltr'>est</span> <span class='ocrx_word' id='word_1_75' title='bbox 964 1821 1015 1872; x_wconf 83' lang='lat' dir='ltr'>uisi</span> <span class='ocrx_word' id='word_1_76' title='bbox 1028 1819 1124 1873; x_wconf 79' lang='lat' dir='ltr'>Nrevia</span> <span class='ocrx_word' id='word_1_77' title='bbox 1137 1819 1227 1885; x_wconf 79' lang='lat' dir='ltr'>Rufo;</span> 
     </span>
     <span class='ocr_line' id='line_1_12' title="bbox 551 1904 1138 1975; baseline 0.002 -17"><span class='ocrx_word' id='word_1_78' title='bbox 551 1906 579 1958; x_wconf 86' lang='lat' dir='ltr'>si</span> <span class='ocrx_word' id='word_1_79' title='bbox 592 1905 698 1971; x_wconf 80' lang='lat' dir='ltr'>gaudet,</span> <span class='ocrx_word' id='word_1_80' title='bbox 710 1906 732 1956; x_wconf 90' lang='lat' dir='ltr'>si</span> <span class='ocrx_word' id='word_1_81' title='bbox 744 1904 801 1969; x_wconf 87' lang='lat' dir='ltr'>flet,</span> <span class='ocrx_word' id='word_1_82' title='bbox 813 1906 835 1956; x_wconf 87' lang='lat' dir='ltr'>si</span> <span class='ocrx_word' id='word_1_83' title='bbox 847 1911 926 1969; x_wconf 82' lang='lat' dir='ltr'>tacet,</span> <span class='ocrx_word' id='word_1_84' title='bbox 938 1905 1005 1957; x_wconf 83' lang='lat' dir='ltr'>hano</span> <span class='ocrx_word' id='word_1_85' title='bbox 1016 1905 1138 1975; x_wconf 86' lang='lat' dir='ltr'>loquitur.</span> 
     </span>
     <span class='ocr_line' id='line_1_13' title="bbox 515 1990 1198 2060; baseline 0.001 -17"><span class='ocrx_word' id='word_1_86' title='bbox 515 1991 621 2052; x_wconf 81' lang='lat' dir='ltr'>Coennt,</span> <span class='ocrx_word' id='word_1_87' title='bbox 634 1990 762 2060; x_wconf 86' lang='lat' dir='ltr'>propinat,</span> <span class='ocrx_word' id='word_1_88' title='bbox 776 1990 869 2060; x_wconf 85' lang='lat' dir='ltr'>poscit,</span> <span class='ocrx_word' id='word_1_89' title='bbox 880 1995 971 2055; x_wconf 79' lang='lat' dir='ltr'>negat,</span> <span class='ocrx_word' id='word_1_90' title='bbox 983 1991 1077 2054; x_wconf 88' lang='lat' dir='ltr'>innuit,</span> <span class='ocrx_word' id='word_1_91' title='bbox 1089 2007 1143 2042; x_wconf 81' lang='lat' dir='ltr'>una</span> <span class='ocrx_word' id='word_1_92' title='bbox 1155 1996 1198 2044; x_wconf 78' lang='lat' dir='ltr'>est</span> 
     </span>
     <span class='ocr_line' id='line_1_14' title="bbox 551 2074 1095 2140; baseline 0.004 -15"><span class='ocrx_word' id='word_1_93' title='bbox 551 2074 659 2126; x_wconf 79' lang='lat' dir='ltr'>Naevia:</span> <span class='ocrx_word' id='word_1_94' title='bbox 677 2076 700 2126; x_wconf 87' lang='lat' dir='ltr'>si</span> <span class='ocrx_word' id='word_1_95' title='bbox 712 2093 764 2126; x_wconf 90' lang='lat' dir='ltr'>non</span> <span class='ocrx_word' id='word_1_96' title='bbox 775 2076 810 2128; x_wconf 83' lang='lat' dir='ltr'>sit</span> <span class='ocrx_word' id='word_1_97' title='bbox 821 2074 925 2140; x_wconf 81' lang='lat' dir='ltr'>Naevia,</span> <span class='ocrx_word' id='word_1_98' title='bbox 937 2082 1024 2129; x_wconf 84' lang='lat' dir='ltr'>mutus</span> <span class='ocrx_word' id='word_1_99' title='bbox 1036 2077 1095 2128; x_wconf 84' lang='lat' dir='ltr'>erit.</span> 
     </span>
    </p>

    <p class='ocr_par' dir='ltr' id='par_1_3' title="bbox 404 2194 1365 4311">
     <span class='ocr_line' id='line_1_15' title="bbox 413 2194 1365 2282; baseline 0.004 -23"><span class='ocrx_word' id='word_1_100' title='bbox 413 2195 476 2259; x_wconf 84' lang='lat' dir='ltr'>Res</span> <span class='ocrx_word' id='word_1_101' title='bbox 500 2195 554 2258; x_wconf 89' lang='lat' dir='ltr'>illa</span> <span class='ocrx_word' id='word_1_102' title='bbox 580 2197 622 2259; x_wconf 90' lang='lat' dir='ltr'>ad</span> <span class='ocrx_word' id='word_1_103' title='bbox 646 2194 936 2281; x_wconf 86' lang='lat' dir='ltr'>philosophandum</span> <span class='ocrx_word' id='word_1_104' title='bbox 961 2194 1089 2260; x_wconf 88' lang='lat' dir='ltr'>videtur</span> <span class='ocrx_word' id='word_1_105' title='bbox 1111 2196 1232 2282; x_wconf 88' lang='lat' dir='ltr'>aptior,</span> <span class='ocrx_word' id='word_1_106' title='bbox 1248 2198 1281 2262; x_wconf 94' lang='lat' dir='ltr'>in</span> <span class='ocrx_word' id='word_1_107' title='bbox 1304 2219 1365 2281; x_wconf 89' lang='lat' dir='ltr'>qna</span> 
     </span>
     <span class='ocr_line' id='line_1_16' title="bbox 410 2295 1364 2382; baseline 0.004 -21"><span class='ocrx_word' id='word_1_108' title='bbox 410 2297 538 2378; x_wconf 72' lang='lat' dir='ltr'>liberior</span> <span class='ocrx_word' id='word_1_109' title='bbox 553 2309 599 2360; x_wconf 89' lang='lat' dir='ltr'>est</span> <span class='ocrx_word' id='word_1_110' title='bbox 620 2295 749 2360; x_wconf 88' lang='lat' dir='ltr'>licentia</span> <span class='ocrx_word' id='word_1_111' title='bbox 772 2296 913 2381; x_wconf 86' lang='lat' dir='ltr'>fingendi</span> <span class='ocrx_word' id='word_1_112' title='bbox 936 2297 1022 2382; x_wconf 93' lang='lat' dir='ltr'>quod</span> <span class='ocrx_word' id='word_1_113' title='bbox 1039 2299 1188 2372; x_wconf 86' lang='lat' dir='ltr'>volueris,</span> <span class='ocrx_word' id='word_1_114' title='bbox 1205 2312 1238 2364; x_wconf 91' lang='lat' dir='ltr'>et</span> <span class='ocrx_word' id='word_1_115' title='bbox 1265 2301 1364 2365; x_wconf 87' lang='lat' dir='ltr'>minor</span> 
     </span>
     <span class='ocr_line' id='line_1_17' title="bbox 408 2396 1364 2485; baseline 0.002 -22"><span class='ocrx_word' id='word_1_116' title='bbox 408 2422 448 2463; x_wconf 89' lang='lat' dir='ltr'>ex</span> <span class='ocrx_word' id='word_1_117' title='bbox 464 2396 508 2461; x_wconf 89' lang='lat' dir='ltr'>rei</span> <span class='ocrx_word' id='word_1_118' title='bbox 523 2397 724 2477; x_wconf 89' lang='lat' dir='ltr'>difficultate,</span> <span class='ocrx_word' id='word_1_119' title='bbox 738 2411 793 2462; x_wconf 90' lang='lat' dir='ltr'>aut</span> <span class='ocrx_word' id='word_1_120' title='bbox 814 2397 1060 2485; x_wconf 69' lang='lat' dir='ltr'>disceptantium</span> <span class='ocrx_word' id='word_1_121' title='bbox 1085 2401 1259 2485; x_wconf 87' lang='lat' dir='ltr'>imperitia,</span> <span class='ocrx_word' id='word_1_122' title='bbox 1274 2403 1364 2466; x_wconf 86' lang='lat' dir='ltr'>certi-</span> 
     </span>
     <span class='ocr_line' id='line_1_18' title="bbox 409 2498 1362 2586; baseline 0.001 -20"><span class='ocrx_word' id='word_1_123' title='bbox 409 2499 501 2566; x_wconf 87' lang='lat' dir='ltr'>tudo.</span> <span class='ocrx_word' id='word_1_124' title='bbox 546 2502 640 2585; x_wconf 84' lang='lat' dir='ltr'>Saepe</span> <span class='ocrx_word' id='word_1_125' title='bbox 655 2501 736 2562; x_wconf 89' lang='lat' dir='ltr'>sicut</span> <span class='ocrx_word' id='word_1_126' title='bbox 758 2498 800 2563; x_wconf 87' lang='lat' dir='ltr'>ad</span> <span class='ocrx_word' id='word_1_127' title='bbox 825 2500 947 2563; x_wconf 89' lang='lat' dir='ltr'>hostem</span> <span class='ocrx_word' id='word_1_128' title='bbox 970 2500 1225 2586; x_wconf 89' lang='lat' dir='ltr'>impediendum,</span> <span class='ocrx_word' id='word_1_129' title='bbox 1239 2502 1362 2568; x_wconf 84' lang='lat' dir='ltr'>facilius</span> 
     </span>
     <span class='ocr_line' id='line_1_19' title="bbox 409 2600 1361 2687; baseline 0 -19"><span class='ocrx_word' id='word_1_130' title='bbox 409 2600 548 2668; x_wconf 81' lang='lat' dir='ltr'>salebras</span> <span class='ocrx_word' id='word_1_131' title='bbox 562 2614 593 2665; x_wconf 93' lang='lat' dir='ltr'>et</span> <span class='ocrx_word' id='word_1_132' title='bbox 618 2601 781 2687; x_wconf 89' lang='lat' dir='ltr'>augustias</span> <span class='ocrx_word' id='word_1_133' title='bbox 805 2601 988 2667; x_wconf 87' lang='lat' dir='ltr'>transeundi</span> <span class='ocrx_word' id='word_1_134' title='bbox 1013 2601 1103 2666; x_wconf 89' lang='lat' dir='ltr'>miles</span> <span class='ocrx_word' id='word_1_135' title='bbox 1126 2616 1244 2668; x_wconf 88' lang='lat' dir='ltr'>cautus</span> <span class='ocrx_word' id='word_1_136' title='bbox 1257 2604 1361 2668; x_wconf 89' lang='lat' dir='ltr'>obser-</span> 
     </span>
     <span class='ocr_line' id='line_1_20' title="bbox 411 2703 1363 2790; baseline 0.003 -24"><span class='ocrx_word' id='word_1_137' title='bbox 411 2719 484 2770; x_wconf 87' lang='lat' dir='ltr'>vat:</span> <span class='ocrx_word' id='word_1_138' title='bbox 515 2704 559 2769; x_wconf 88' lang='lat' dir='ltr'>sic</span> <span class='ocrx_word' id='word_1_139' title='bbox 574 2703 716 2768; x_wconf 89' lang='lat' dir='ltr'>difficiles</span> <span class='ocrx_word' id='word_1_140' title='bbox 731 2704 805 2790; x_wconf 91' lang='lat' dir='ltr'>quis</span> <span class='ocrx_word' id='word_1_141' title='bbox 824 2718 880 2769; x_wconf 92' lang='lat' dir='ltr'>aut</span> <span class='ocrx_word' id='word_1_142' title='bbox 905 2728 924 2768; x_wconf 94' lang='lat' dir='ltr'>a</span> <span class='ocrx_word' id='word_1_143' title='bbox 939 2705 1117 2790; x_wconf 89' lang='lat' dir='ltr'>scripturis,</span> <span class='ocrx_word' id='word_1_144' title='bbox 1133 2719 1224 2771; x_wconf 87' lang='lat' dir='ltr'>anta</span> <span class='ocrx_word' id='word_1_145' title='bbox 1238 2705 1363 2771; x_wconf 87' lang='lat' dir='ltr'>rationi-</span> 
     </span>
     <span class='ocr_line' id='line_1_21' title="bbox 410 2805 1361 2894; baseline 0.002 -23"><span class='ocrx_word' id='word_1_146' title='bbox 410 2808 472 2871; x_wconf 91' lang='lat' dir='ltr'>bus</span> <span class='ocrx_word' id='word_1_147' title='bbox 486 2807 605 2871; x_wconf 90' lang='lat' dir='ltr'>excitat</span> <span class='ocrx_word' id='word_1_148' title='bbox 627 2806 830 2892; x_wconf 81' lang='lat' dir='ltr'>quaestiones,</span> <span class='ocrx_word' id='word_1_149' title='bbox 845 2819 900 2870; x_wconf 91' lang='lat' dir='ltr'>aut</span> <span class='ocrx_word' id='word_1_150' title='bbox 923 2807 950 2870; x_wconf 89' lang='lat' dir='ltr'>si</span> <span class='ocrx_word' id='word_1_151' title='bbox 969 2805 1057 2871; x_wconf 87' lang='lat' dir='ltr'>aliud</span> <span class='ocrx_word' id='word_1_152' title='bbox 1082 2811 1283 2894; x_wconf 88' lang='lat' dir='ltr'>propositum</span> <span class='ocrx_word' id='word_1_153' title='bbox 1305 2821 1361 2885; x_wconf 88' lang='lat' dir='ltr'>est,</span> 
     </span>
     <span class='ocr_line' id='line_1_22' title="bbox 409 2906 1361 2994; baseline 0.002 -22"><span class='ocrx_word' id='word_1_154' title='bbox 409 2931 450 2973; x_wconf 80' lang='lat' dir='ltr'>ex</span> <span class='ocrx_word' id='word_1_155' title='bbox 465 2907 621 2973; x_wconf 89' lang='lat' dir='ltr'>industria</span> <span class='ocrx_word' id='word_1_156' title='bbox 635 2907 667 2970; x_wconf 94' lang='lat' dir='ltr'>in</span> <span class='ocrx_word' id='word_1_157' title='bbox 682 2928 745 2983; x_wconf 87' lang='lat' dir='ltr'>eas,</span> <span class='ocrx_word' id='word_1_158' title='bbox 762 2906 852 2992; x_wconf 87' lang='lat' dir='ltr'>quasi</span> <span class='ocrx_word' id='word_1_159' title='bbox 869 2929 909 2970; x_wconf 88' lang='lat' dir='ltr'>ex</span> <span class='ocrx_word' id='word_1_160' title='bbox 925 2906 1075 2972; x_wconf 86' lang='lat' dir='ltr'>incidenti</span> <span class='ocrx_word' id='word_1_161' title='bbox 1091 2908 1281 2994; x_wconf 86' lang='lat' dir='ltr'>prolabitur.</span> <span class='ocrx_word' id='word_1_162' title='bbox 1319 2910 1361 2973; x_wconf 90' lang='lat' dir='ltr'>Et</span> 
     </span>
     <span class='ocr_line' id='line_1_23' title="bbox 410 3007 1359 3096; baseline -0.002 -20"><span class='ocrx_word' id='word_1_163' title='bbox 410 3009 436 3076; x_wconf 86' lang='lat' dir='ltr'>si</span> <span class='ocrx_word' id='word_1_164' title='bbox 452 3008 631 3074; x_wconf 81' lang='lat' dir='ltr'>satisfacere</span> <span class='ocrx_word' id='word_1_165' title='bbox 649 3031 711 3072; x_wconf 91' lang='lat' dir='ltr'>non</span> <span class='ocrx_word' id='word_1_166' title='bbox 735 3007 862 3088; x_wconf 89' lang='lat' dir='ltr'>sufficis,</span> <span class='ocrx_word' id='word_1_167' title='bbox 877 3008 953 3093; x_wconf 87' lang='lat' dir='ltr'>quia</span> <span class='ocrx_word' id='word_1_168' title='bbox 975 3031 1067 3074; x_wconf 89' lang='lat' dir='ltr'>nemo</span> <span class='ocrx_word' id='word_1_169' title='bbox 1089 3025 1150 3089; x_wconf 88' lang='lat' dir='ltr'>est,</span> <span class='ocrx_word' id='word_1_170' title='bbox 1166 3015 1224 3096; x_wconf 90' lang='lat' dir='ltr'>qui</span> <span class='ocrx_word' id='word_1_171' title='bbox 1247 3010 1359 3088; x_wconf 89' lang='lat' dir='ltr'>omnia,</span> 
     </span>
     <span class='ocr_line' id='line_1_24' title="bbox 408 3108 1360 3199; baseline 0 -23"><span class='ocrx_word' id='word_1_172' title='bbox 408 3113 589 3198; x_wconf 67' lang='lat' dir='ltr'>quinetiam</span> <span class='ocrx_word' id='word_1_173' title='bbox 601 3110 643 3174; x_wconf 95' lang='lat' dir='ltr'>ab</span> <span class='ocrx_word' id='word_1_174' title='bbox 654 3108 808 3196; x_wconf 89' lang='lat' dir='ltr'>imperitis</span> <span class='ocrx_word' id='word_1_175' title='bbox 819 3122 1022 3195; x_wconf 67' lang='lat' dir='ltr'>quaeruntur,</span> <span class='ocrx_word' id='word_1_176' title='bbox 1035 3110 1170 3176; x_wconf 86' lang='lat' dir='ltr'>sufficiat</span> <span class='ocrx_word' id='word_1_177' title='bbox 1182 3112 1360 3199; x_wconf 88' lang='lat' dir='ltr'>explanare,</span> 
     </span>
     <span class='ocr_line' id='line_1_25' title="bbox 409 3209 1358 3296; baseline 0.001 -20"><span class='ocrx_word' id='word_1_178' title='bbox 409 3212 516 3277; x_wconf 88' lang='lat' dir='ltr'>statim</span> <span class='ocrx_word' id='word_1_179' title='bbox 540 3211 653 3276; x_wconf 88' lang='lat' dir='ltr'>annuit</span> <span class='ocrx_word' id='word_1_180' title='bbox 681 3212 793 3287; x_wconf 90' lang='lat' dir='ltr'>oculis,</span> <span class='ocrx_word' id='word_1_181' title='bbox 819 3209 1001 3296; x_wconf 88' lang='lat' dir='ltr'>distorquet</span> <span class='ocrx_word' id='word_1_182' title='bbox 1028 3210 1168 3289; x_wconf 85' lang='lat' dir='ltr'>vultum,</span> <span class='ocrx_word' id='word_1_183' title='bbox 1196 3212 1358 3277; x_wconf 86' lang='lat' dir='ltr'>brachium</span> 
     </span>
     <span class='ocr_line' id='line_1_26' title="bbox 404 3311 1356 3400; baseline 0.001 -24"><span class='ocrx_word' id='word_1_184' title='bbox 404 3313 519 3396; x_wconf 90' lang='lat' dir='ltr'>jactat,</span> <span class='ocrx_word' id='word_1_185' title='bbox 534 3313 660 3391; x_wconf 91' lang='lat' dir='ltr'>clamat,</span> <span class='ocrx_word' id='word_1_186' title='bbox 676 3313 759 3391; x_wconf 89' lang='lat' dir='ltr'>salit,</span> <span class='ocrx_word' id='word_1_187' title='bbox 774 3325 805 3376; x_wconf 93' lang='lat' dir='ltr'>et</span> <span class='ocrx_word' id='word_1_188' title='bbox 821 3311 1067 3395; x_wconf 81' lang='lat' dir='ltr'>transfiguratur</span> <span class='ocrx_word' id='word_1_189' title='bbox 1082 3311 1239 3398; x_wconf 86' lang='lat' dir='ltr'>gestibus,</span> <span class='ocrx_word' id='word_1_190' title='bbox 1255 3313 1356 3400; x_wconf 90' lang='lat' dir='ltr'>quiin</span> 
     </span>
     <span class='ocr_line' id='line_1_27' title="bbox 408 3410 1358 3500; baseline 0.003 -26"><span class='ocrx_word' id='word_1_191' title='bbox 408 3412 524 3498; x_wconf 85' lang='lat' dir='ltr'>quovis</span> <span class='ocrx_word' id='word_1_192' title='bbox 553 3412 706 3474; x_wconf 86' lang='lat' dir='ltr'>histrione</span> <span class='ocrx_word' id='word_1_193' title='bbox 733 3412 780 3474; x_wconf 82' lang='lat' dir='ltr'>rel</span> <span class='ocrx_word' id='word_1_194' title='bbox 807 3410 903 3476; x_wconf 90' lang='lat' dir='ltr'>mimo</span> <span class='ocrx_word' id='word_1_195' title='bbox 932 3412 1101 3478; x_wconf 87' lang='lat' dir='ltr'>videantur</span> <span class='ocrx_word' id='word_1_196' title='bbox 1131 3416 1243 3500; x_wconf 89' lang='lat' dir='ltr'>inepti.</span> <span class='ocrx_word' id='word_1_197' title='bbox 1288 3418 1358 3479; x_wconf 90' lang='lat' dir='ltr'>Non</span> 
     </span>
     <span class='ocr_line' id='line_1_28' title="bbox 410 3510 1359 3599; baseline 0.002 -22"><span class='ocrx_word' id='word_1_198' title='bbox 410 3513 523 3597; x_wconf 90' lang='lat' dir='ltr'>utique</span> <span class='ocrx_word' id='word_1_199' title='bbox 539 3510 722 3587; x_wconf 80' lang='lat' dir='ltr'>satisfacies,</span> <span class='ocrx_word' id='word_1_200' title='bbox 738 3514 799 3578; x_wconf 91' lang='lat' dir='ltr'>nisi</span> <span class='ocrx_word' id='word_1_201' title='bbox 815 3515 843 3576; x_wconf 93' lang='lat' dir='ltr'>ei</span> <span class='ocrx_word' id='word_1_202' title='bbox 860 3515 1052 3599; x_wconf 86' lang='lat' dir='ltr'>respondeas</span> <span class='ocrx_word' id='word_1_203' title='bbox 1067 3516 1174 3580; x_wconf 87' lang='lat' dir='ltr'>verbis</span> <span class='ocrx_word' id='word_1_204' title='bbox 1189 3516 1267 3592; x_wconf 87' lang='lat' dir='ltr'>suis,</span> <span class='ocrx_word' id='word_1_205' title='bbox 1281 3529 1314 3580; x_wconf 88' lang='lat' dir='ltr'>et</span> <span class='ocrx_word' id='word_1_206' title='bbox 1328 3515 1359 3579; x_wconf 91' lang='lat' dir='ltr'>id</span> 
     </span>
     <span class='ocr_line' id='line_1_29' title="bbox 408 3609 1359 3702; baseline 0.002 -24"><span class='ocrx_word' id='word_1_207' title='bbox 408 3625 532 3678; x_wconf 89' lang='lat' dir='ltr'>tantum</span> <span class='ocrx_word' id='word_1_208' title='bbox 562 3609 661 3690; x_wconf 89' lang='lat' dir='ltr'>dicas,</span> <span class='ocrx_word' id='word_1_209' title='bbox 683 3613 769 3698; x_wconf 88' lang='lat' dir='ltr'>quod</span> <span class='ocrx_word' id='word_1_210' title='bbox 798 3613 961 3680; x_wconf 86' lang='lat' dir='ltr'>consuevit</span> <span class='ocrx_word' id='word_1_211' title='bbox 984 3616 1105 3681; x_wconf 88' lang='lat' dir='ltr'>audire.</span> <span class='ocrx_word' id='word_1_212' title='bbox 1152 3621 1227 3702; x_wconf 89' lang='lat' dir='ltr'>lpse</span> <span class='ocrx_word' id='word_1_213' title='bbox 1256 3627 1359 3681; x_wconf 67' lang='lat' dir='ltr'>umen</span> 
     </span>
     <span class='ocr_line' id='line_1_30' title="bbox 409 3712 1360 3803; baseline 0.004 -26"><span class='ocrx_word' id='word_1_214' title='bbox 409 3713 480 3779; x_wconf 91' lang='lat' dir='ltr'>licet</span> <span class='ocrx_word' id='word_1_215' title='bbox 507 3712 723 3798; x_wconf 87' lang='lat' dir='ltr'>scrupulosior</span> <span class='ocrx_word' id='word_1_216' title='bbox 749 3714 800 3794; x_wconf 90' lang='lat' dir='ltr'>sit,</span> <span class='ocrx_word' id='word_1_217' title='bbox 826 3718 927 3780; x_wconf 88' lang='lat' dir='ltr'>totius</span> <span class='ocrx_word' id='word_1_218' title='bbox 954 3729 1001 3780; x_wconf 88' lang='lat' dir='ltr'>est</span> <span class='ocrx_word' id='word_1_219' title='bbox 1028 3717 1196 3782; x_wconf 90' lang='lat' dir='ltr'>solutionis</span> <span class='ocrx_word' id='word_1_220' title='bbox 1221 3718 1360 3803; x_wconf 89' lang='lat' dir='ltr'>ignarus.</span> 
     </span>
     <span class='ocr_line' id='line_1_31' title="bbox 408 3816 1358 3906; baseline 0 -25"><span class='ocrx_word' id='word_1_221' title='bbox 408 3820 446 3882; x_wconf 89' lang='lat' dir='ltr'>In</span> <span class='ocrx_word' id='word_1_222' title='bbox 464 3837 527 3877; x_wconf 91' lang='lat' dir='ltr'>uno</span> <span class='ocrx_word' id='word_1_223' title='bbox 543 3825 646 3877; x_wconf 88' lang='lat' dir='ltr'>tamen</span> <span class='ocrx_word' id='word_1_224' title='bbox 661 3816 795 3880; x_wconf 85' lang='lat' dir='ltr'>fortasse</span> <span class='ocrx_word' id='word_1_225' title='bbox 811 3816 870 3881; x_wconf 86' lang='lat' dir='ltr'>sibi</span> <span class='ocrx_word' id='word_1_226' title='bbox 887 3819 1052 3903; x_wconf 81' lang='lat' dir='ltr'>prospexit</span> <span class='ocrx_word' id='word_1_227' title='bbox 1066 3820 1204 3897; x_wconf 88' lang='lat' dir='ltr'>cautius,</span> <span class='ocrx_word' id='word_1_228' title='bbox 1220 3819 1308 3906; x_wconf 93' lang='lat' dir='ltr'>quod</span> <span class='ocrx_word' id='word_1_229' title='bbox 1329 3819 1358 3882; x_wconf 91' lang='lat' dir='ltr'>in</span> 
     </span>
     <span class='ocr_line' id='line_1_32' title="bbox 408 3916 1360 4005; baseline 0.002 -25"><span class='ocrx_word' id='word_1_230' title='bbox 408 3916 570 4001; x_wconf 87' lang='lat' dir='ltr'>marsupio</span> <span class='ocrx_word' id='word_1_231' title='bbox 598 3916 716 3993; x_wconf 89' lang='lat' dir='ltr'>omnia,</span> <span class='ocrx_word' id='word_1_232' title='bbox 746 3917 865 4003; x_wconf 89' lang='lat' dir='ltr'>quibus</span> <span class='ocrx_word' id='word_1_233' title='bbox 891 3917 1031 4001; x_wconf 85' lang='lat' dir='ltr'>inflatur,</span> <span class='ocrx_word' id='word_1_234' title='bbox 1061 3921 1204 4005; x_wconf 87' lang='lat' dir='ltr'>ingessit.</span> <span class='ocrx_word' id='word_1_235' title='bbox 1259 3919 1360 3984; x_wconf 83' lang='lat' dir='ltr'>Facile</span> 
     </span>
     <span class='ocr_line' id='line_1_33' title="bbox 408 4016 1359 4109; baseline 0.001 -25"><span class='ocrx_word' id='word_1_236' title='bbox 408 4034 525 4095; x_wconf 88' lang='lat' dir='ltr'>tumen,</span> <span class='ocrx_word' id='word_1_237' title='bbox 540 4031 572 4080; x_wconf 85' lang='lat' dir='ltr'>et</span> <span class='ocrx_word' id='word_1_238' title='bbox 596 4016 685 4102; x_wconf 89' lang='lat' dir='ltr'>quasi</span> <span class='ocrx_word' id='word_1_239' title='bbox 708 4040 767 4082; x_wconf 87' lang='lat' dir='ltr'>acu</span> <span class='ocrx_word' id='word_1_240' title='bbox 791 4019 927 4084; x_wconf 85' lang='lat' dir='ltr'>vesicam</span> <span class='ocrx_word' id='word_1_241' title='bbox 951 4022 1032 4085; x_wconf 87' lang='lat' dir='ltr'>hanc</span> <span class='ocrx_word' id='word_1_242' title='bbox 1055 4023 1258 4109; x_wconf 85' lang='lat' dir='ltr'>perforando,</span> <span class='ocrx_word' id='word_1_243' title='bbox 1273 4022 1359 4108; x_wconf 83' lang='lat' dir='ltr'>quic·</span> 
     </span>
     <span class='ocr_line' id='line_1_34' title="bbox 407 4117 1358 4209; baseline 0.001 -24"><span class='ocrx_word' id='word_1_244' title='bbox 407 4120 486 4209; x_wconf 91' lang='lat' dir='ltr'>quid</span> <span class='ocrx_word' id='word_1_245' title='bbox 502 4119 705 4206; x_wconf 86' lang='lat' dir='ltr'>loquacitatis</span> <span class='ocrx_word' id='word_1_246' title='bbox 718 4119 751 4182; x_wconf 92' lang='lat' dir='ltr'>in</span> <span class='ocrx_word' id='word_1_247' title='bbox 768 4117 899 4183; x_wconf 82' lang='lat' dir='ltr'>follibus</span> <span class='ocrx_word' id='word_1_248' title='bbox 915 4119 1053 4206; x_wconf 89' lang='lat' dir='ltr'>imperiti</span> <span class='ocrx_word' id='word_1_249' title='bbox 1077 4125 1222 4208; x_wconf 87' lang='lat' dir='ltr'>gutturis</span> <span class='ocrx_word' id='word_1_250' title='bbox 1238 4146 1358 4192; x_wconf 88' lang='lat' dir='ltr'>resona·</span> 
     </span>
     <span class='ocr_line' id='line_1_35' title="bbox 408 4219 1357 4311; baseline 0.001 -25"><span class='ocrx_word' id='word_1_251' title='bbox 408 4224 474 4299; x_wconf 92' lang='lat' dir='ltr'>bat,</span> <span class='ocrx_word' id='word_1_252' title='bbox 489 4219 649 4285; x_wconf 88' lang='lat' dir='ltr'>interdum</span> <span class='ocrx_word' id='word_1_253' title='bbox 667 4240 731 4281; x_wconf 91' lang='lat' dir='ltr'>uno</span> <span class='ocrx_word' id='word_1_254' title='bbox 746 4220 898 4303; x_wconf 85' lang='lat' dir='ltr'>sapientis</span> <span class='ocrx_word' id='word_1_255' title='bbox 914 4221 1047 4286; x_wconf 89' lang='lat' dir='ltr'>verbulo</span> <span class='ocrx_word' id='word_1_256' title='bbox 1062 4225 1247 4311; x_wconf 81' lang='lat' dir='ltr'>acquiescit.</span> <span class='ocrx_word' id='word_1_257' title='bbox 1295 4224 1357 4288; x_wconf 89' lang='lat' dir='ltr'>Nec</span> 
     </span>
    </p>
   </div>
   <div class='ocr_carea' id='block_1_3' title="bbox 407 4318 1358 4412">
    <p class='ocr_par' dir='ltr' id='par_1_4' title="bbox 407 4318 1358 4412">
     <span class='ocr_line' id='line_1_36' title="bbox 407 4318 1358 4412; baseline 0.001 -26"><span class='ocrx_word' id='word_1_258' title='bbox 407 4324 477 4387; x_wconf 90' lang='lat' dir='ltr'>illos</span> <span class='ocrx_word' id='word_1_259' title='bbox 506 4321 546 4384; x_wconf 88' lang='lat' dir='ltr'>ad</span> <span class='ocrx_word' id='word_1_260' title='bbox 577 4318 865 4404; x_wconf 89' lang='lat' dir='ltr'>philosophandum</span> <span class='ocrx_word' id='word_1_261' title='bbox 896 4322 1085 4389; x_wconf 87' lang='lat' dir='ltr'>crediderim</span> <span class='ocrx_word' id='word_1_262' title='bbox 1123 4327 1273 4412; x_wconf 85' lang='lat' dir='ltr'>aptiores,</span> <span class='ocrx_word' id='word_1_263' title='bbox 1305 4326 1358 4411; x_wconf 88' lang='lat' dir='ltr'>qui</span> 
     </span>
    </p>
   </div>
   <div class='ocr_carea' id='block_1_4' title="bbox 0 0 1780 5467">
    <p class='ocr_par' dir='ltr' id='par_1_5' title="bbox 0 0 1780 5467">
     <span class='ocr_line' id='line_1_37' title="bbox 0 0 1780 5467; baseline 0 0"><span class='ocrx_word' id='word_1_264' title='bbox 0 0 1780 5467; x_wconf 95' lang='lat' dir='ltr'> </span> 
     </span>
    </p>
   </div>
  </div>
 </body>
</html>
