3550 5467
428 730 499 775 cir.
515 714 569 794 ι]
780 735 1037 782 mercatrices.
1341 727 1383 786 23

426 883 586 948 hominem
616 887 688 950 Deo
718 889 857 971 praefert;
887 910 1089 975 nequaquam
1115 891 1253 956 servabit
1281 892 1379 958 fidem

424 986 609 1064 secundam,
625 991 679 1070 qui
695 990 830 1072 primam
846 991 966 1054 irritam
981 988 1066 1055 facit.

423 1244 503 1326 Cap.
524 1248 572 1307 10.
618 1248 670 1310 De
691 1250 875 1330 privilegiis
900 1250 1061 1319 militena,-
1099 1258 1131 1312 et
1158 1248 1242 1336 quod
1266 1272 1376 1316 sacrm

466 1353 571 1409 mereto
606 1353 736 1411 astricti
770 1359 847 1412 silut
880 1353 1031 1428 ecclesie,
1060 1359 1091 1413 cf
1121 1373 1221 1435 qaaere
1243 1354 1376 1434 gladius

464 1447 625 1529 (fieretur
639 1451 750 1513 ulturi.

464 1582 582 1643 Rncrn
598 1604 671 1645 vero
685 1584 889 1647 militantium
905 1585 1070 1666 privilegia
1085 1585 1185 1648 multa
1200 1596 1284 1663 sunt,
1299 1609 1371 1671 quae

419 1681 460 1744 de
483 1682 556 1763 jure
584 1684 715 1765 antiquo
741 1685 837 1746 latius
864 1694 988 1767 patent.
1034 1686 1119 1746 Nam
1149 1695 1182 1747 ct
1212 1687 1374 1751 uberiores

420 1794 506 1856 sunt,
522 1796 555 1845 et
569 1784 714 1866 pluribus
733 1784 987 1847 immunitatibus
1008 1784 1160 1865 gaudent.
1206 1789 1257 1849 Ab
1278 1809 1374 1871 anga-

419 1883 476 1945 riis
512 1896 544 1946 et
575 1884 782 1966 parangariis,
811 1896 843 1948 et
877 1884 1015 1947 sordidis
1050 1887 1234 1948 muneribus
1266 1888 1373 1951 alieni.

417 1987 495 2049 Jura
518 2007 645 2069 quoque
668 1987 798 2049 licenter
820 1987 977 2068 ignorant,
1002 1998 1034 2050 et
1056 1989 1133 2050 licet
1159 1988 1193 2050 in
1215 1999 1372 2071 potestate

418 2088 491 2164 sint,
501 2089 534 2150 in
553 2089 705 2151 castrensi
721 2089 848 2172 peculio
860 2089 967 2152 testari
983 2101 1129 2173 possunt,
1138 2100 1170 2152 et
1183 2110 1226 2152 ex
1242 2090 1372 2173 publica

417 2188 633 2267 solicitudine,
657 2189 743 2274 quod
767 2191 942 2252 maximum
969 2202 1027 2266 est,
1054 2211 1118 2252 non
1144 2191 1371 2272 permittuntur

416 2309 518 2368 egere,
541 2301 573 2351 et
595 2290 627 2352 in
651 2291 736 2354 huuc
760 2290 891 2353 modum
915 2291 1058 2373 plurima,
1074 2312 1146 2374 quae
1168 2292 1299 2372 longum
1322 2303 1370 2355 est

415 2409 567 2452 enarrare.
613 2391 706 2453 Licet
742 2401 846 2453 autem
877 2390 951 2467 siut,
982 2389 1036 2473 qui
1066 2391 1128 2453 sibi
1165 2412 1229 2452 non
1268 2394 1368 2456 teneri

416 2488 562 2554 ridentur
584 2493 727 2554 ecclesiae
751 2513 792 2554 ex
818 2503 1017 2554 sacramento
1042 2492 1179 2569 solenni,
1205 2495 1282 2576 qnia
1297 2494 1367 2578 jam

414 2611 454 2651 ex
481 2591 713 2654 consuetudine
739 2593 927 2675 plerumque
957 2613 1022 2653 nou
1052 2603 1231 2673 praestatur,
1260 2594 1369 2656 nullus

413 2702 518 2754 tamen
534 2694 648 2777 estqui
663 2705 863 2756 sacramento
874 2692 971 2756 tacito
987 2692 1037 2753 vel
1053 2712 1206 2774 expresso
1222 2694 1367 2756 ecclesiae

413 2815 477 2856 non
498 2806 642 2859 teneatur
664 2796 836 2859 obnoxius.
881 2796 927 2858 Et
947 2794 1027 2857 forte
1048 2794 1122 2858 ideo
1142 2809 1247 2857 cessat
1263 2796 1368 2858 solen·

412 2895 496 2959 nitas
505 2898 693 2979 juramenti,
705 2899 781 2980 quia
793 2897 833 2960 ad
850 2898 912 2960 hoc
925 2916 1037 2958 omues
1049 2895 1164 2958 invitat
1178 2906 1209 2958 et
1226 2906 1368 2961 coarctat

411 3000 588 3061 necessitas
623 3001 734 3073 officii,
764 3009 797 3060 et
833 2998 1000 3061 sinceritas
1037 2997 1122 3061 fidei.
1168 2998 1266 3061 Unde
1297 2997 1367 3081 jam

412 3099 546 3160 inolevit
575 3099 775 3161 consuetudo
810 3098 962 3173 solennis,
990 3110 1026 3159 ut
1053 3120 1093 3161 ea
1122 3099 1194 3180 ipsa
1222 3098 1273 3160 die
1304 3121 1368 3183 qua

413 3200 549 3282 quisque
572 3199 696 3261 militari
721 3197 851 3278 cingulo
873 3196 1050 3273 decoratur,
1069 3195 1240 3258 ecclesiam
1262 3197 1366 3261 solen·

410 3301 496 3362 niter
516 3299 619 3375 adeat,
639 3300 809 3383 gladioque
832 3318 929 3380 super
950 3296 1046 3360 altare
1065 3295 1171 3380 posito
1192 3307 1224 3359 et
1246 3297 1365 3376 oblato,

410 3401 501 3484 quasi
532 3403 648 3465 celebri
679 3401 876 3485 professione
909 3398 1004 3473 facta,
1035 3397 1177 3482 seipsum
1209 3399 1364 3483 obsequio

409 3504 517 3566 altaris
543 3503 707 3583 devoveat,
729 3515 762 3567 et
785 3501 894 3585 gladii,
916 3499 949 3563 id
975 3509 1023 3562 est
1046 3496 1146 3563 officii
1174 3500 1233 3577 sui,
1248 3499 1363 3584 jugem

409 3607 482 3670 Deo
497 3605 654 3690 spondeat
667 3607 862 3669 famulatum.
909 3604 1022 3685 Neque
1037 3622 1170 3665 necesse
1187 3613 1235 3663 est
1250 3614 1284 3665 ut
1298 3600 1361 3668 hoc

408 3708 594 3791 profiteatur
618 3709 727 3785 verbo,
750 3727 848 3791 quum
874 3704 1019 3787 legitima
1044 3701 1200 3786 professio
1227 3703 1360 3780 militiae,

408 3810 493 3872 facto
518 3809 588 3892 ejus
613 3809 756 3873 rideatur
779 3808 907 3869 inserta·
952 3803 1035 3874 Quis
1060 3802 1203 3865 enimin
1229 3802 1361 3870 homine

407 3909 565 3982 illiterato,
600 3924 632 3974 et
661 3908 716 3994 qui
745 3908 847 3991 magis
876 3926 964 3970 arma
994 3904 1110 3967 debeat
1138 3922 1233 3966 nosse
1263 3925 1360 3988 quam

405 4011 523 4090 literas,
546 4013 775 4095 professionem
800 4008 909 4092 exigat
933 4003 1111 4070 literarum?
1151 4005 1236 4067 Nam
1261 4006 1360 4087 Epis·

407 4113 491 4196 copi,
516 4124 548 4177 et
575 4116 715 4178 Abbates
740 4111 939 4197 professione
968 4107 1087 4190 scripta
1113 4105 1162 4167 sel
1192 4105 1290 4181 dicta,
1316 4104 1358 4166 ad

406 4212 501 4276 fidem
528 4225 562 4278 et
588 4213 802 4278 obedientiam
832 4210 979 4274 videntur
1008 4207 1130 4271 arctari.
1177 4205 1222 4266 Et
1252 4223 1359 4266 revera

405 4324 575 4390 arctantur,
588 4314 663 4398 quia
678 4314 748 4375 Deo
764 4309 890 4375 mentiri
906 4307 1068 4370 nonlicet.
1114 4303 1200 4365 Sane
1216 4309 1270 4360 aut
1284 4298 1357 4380 plus
