3550 5467
543 725 601 783 122
802 736 940 781 soasurs
956 736 1239 784 sannsnnarassrs
1342 720 1425 801 [mn.
1441 741 1494 785 tn.

539 887 646 971 quirit,
662 898 718 949 aut
734 885 859 966 dilatat,
874 909 1033 950 summurn
1054 887 1314 974 philosophantis
1333 902 1492 954 assecutus

536 1002 584 1052 est
600 989 702 1052 finem.
726 988 807 1049 Haec
818 999 865 1050 est
880 987 989 1073 itaque
1001 1010 1075 1051 vera
1086 1001 1118 1052 et
1130 989 1346 1053 immutabilis
1359 991 1491 1075 philoso·

536 1088 701 1174 phautium
724 1087 845 1171 regula,
860 1099 896 1151 ut
917 1087 960 1150 sic
975 1087 1006 1150 iu
1023 1087 1172 1153 omnibus
1194 1086 1342 1172 legendis
1356 1104 1411 1154 aut
1434 1089 1491 1153 dis-

534 1189 653 1265 cendia,
673 1189 814 1271 agendis,
834 1201 892 1251 aut
911 1187 1106 1267 omittendis,
1128 1189 1264 1274 quisque
1287 1202 1442 1269 versetur,
1456 1205 1489 1254 ut

534 1290 679 1374 proficiat
708 1287 833 1353 veritati
864 1300 896 1351 ct
926 1288 1061 1353 caritati.
1108 1289 1185 1373 lpsa
1223 1312 1299 1352 vero
1330 1312 1487 1376 nunquam

533 1390 636 1453 inanis
655 1404 710 1454 aut
729 1389 796 1453 sola
816 1402 875 1463 est,
899 1387 955 1450 sed
975 1389 1185 1462 honestatem,
1202 1387 1407 1465 modestiam,
1421 1414 1487 1456 cum

534 1490 705 1554 sobrietate
726 1489 926 1575 pudicitiam,
941 1501 972 1552 et
989 1489 1122 1552 aliarum
1144 1489 1377 1554 venerabilium
1395 1492 1488 1556 virtu·

533 1605 602 1655 tum
613 1606 732 1657 coetum
745 1592 776 1653 in
788 1591 891 1674 ipsum
902 1590 1073 1668 hominem,
1083 1613 1179 1676 quem
1192 1591 1306 1676 pietati
1317 1609 1488 1669 consecrat,

533 1693 624 1779 quasi
635 1694 667 1757 in
680 1694 835 1778 templum
853 1693 985 1757 Domini
998 1693 1185 1757 introducit.
1215 1694 1384 1780 Quicquid
1399 1695 1487 1759 alior-

533 1816 603 1858 sum
618 1795 722 1878 vergit
739 1795 770 1857 in
794 1794 927 1872 artibus,
949 1794 1016 1857 sive
1038 1793 1288 1880 quibuscunque
1312 1797 1487 1881 scripturis,

532 1917 595 1957 non
611 1894 820 1980 philosophiae
835 1894 998 1977 dogmata,
1014 1893 1069 1956 sed
1093 1893 1201 1956 inanes
1216 1893 1337 1958 fabule
1359 1907 1444 1973 sunt,
1457 1906 1487 1959 et

531 1994 683 2077 figmenta
697 2016 818 2070 eorum,
831 2016 927 2079 super
942 2016 1081 2079 quorum
1098 1993 1293 2079 impietatem
1311 1994 1360 2060 ira
1373 1997 1432 2058 Dei
1447 1995 1485 2059 de

530 2094 611 2157 coelo
626 2094 793 2158 revelatur.
835 2094 999 2179 Quicquid
1015 2095 1062 2159 illi
1078 2095 1231 2178 garriant,
1248 2110 1333 2160 recte
1350 2096 1486 2180 philoso·

530 2192 641 2277 phanti
653 2196 796 2277 ineptum
810 2191 948 2267 videtur,
959 2194 1146 2276 insipidum,
1155 2207 1186 2257 et
1199 2194 1367 2259 insulsum.
1391 2196 1485 2278 Audi,

531 2315 592 2355 non
607 2315 669 2371 me,
683 2293 737 2357 sed
754 2292 943 2377 prophetam
966 2293 1121 2361 dicentem
1139 2295 1180 2359 de
1200 2296 1339 2360 talibus:
1370 2298 1485 2361 Narra·

531 2404 645 2455 verunt
665 2393 743 2455 mihi
763 2393 863 2478 iniqui
884 2391 1108 2468 fabulationes,
1125 2394 1179 2459 sed
1201 2417 1263 2458 non
1289 2409 1325 2460 ut
1350 2396 1401 2460 lex
1420 2411 1482 2462 tua.

530 2494 634 2578 [oqui
658 2515 735 2578 ergo
760 2516 835 2557 vera
857 2508 889 2557 et
911 2496 1010 2579 justa,
1035 2493 1337 2580 philosophantibus
1365 2513 1396 2561 et
1424 2519 1483 2562 non

527 2594 826 2680 philosophantibus
846 2616 1013 2658 commune
1029 2611 1086 2659 est.
1127 2597 1208 2658 Vera
1228 2609 1261 2660 et
1282 2596 1363 2660 falsa
1384 2598 1482 2683 loqui,

527 2695 612 2759 Mna
625 2710 656 2758 et
678 2695 760 2758 mala
782 2694 906 2769 docere,
923 2718 984 2758 non
1006 2695 1298 2782 philosophantium
1322 2712 1381 2763 est.
1420 2699 1479 2763 Sed

526 2808 559 2859 et
582 2809 668 2859 recta
691 2795 849 2859 duntaxat
873 2796 1033 2859 interdum
1060 2797 1152 2861 docet
1175 2820 1276 2861 vanus
1299 2800 1479 2887 philosophi

525 2897 687 2969 imitator;
714 2895 768 2959 sed
786 2896 841 2980 qui
859 2909 944 2959 recta
958 2920 1033 2981 quae
1048 2898 1140 2961 docet
1154 2898 1310 2983 sequitur,
1321 2923 1396 2964 vere
1410 2903 1478 2988 phi·

526 2995 751 3082 losophusest.

525 3168 605 3251 Cap.
621 3174 670 3231 la.
689 3168 741 3230 Dc
752 3170 881 3248 ineptiis
889 3176 1096 3247 nuyotorum,
1108 3171 1165 3252 qui
1174 3173 1371 3250 sapientium
1386 3174 1477 3236 uerbo

562 3275 706 3350 putant:
737 3278 768 3330 ct
794 3270 880 3348 quod
905 3271 1001 3331 aliter
1022 3270 1145 3350 lcpcndi
1169 3277 1246 3332 sunt
1268 3271 1343 3334 libri
1366 3275 1477 3351 divini,

565 3373 661 3432 aliter
672 3369 808 3449 qcatilea
822 3370 908 3431 libri.

564 3498 707 3559 Eaaasr
724 3495 845 3579 utique,
860 3510 892 3561 et
907 3498 1110 3584 impudenter
1131 3515 1248 3580 errant,
1264 3505 1323 3585 qui
1338 3503 1475 3589 philoso·

521 3596 628 3681 phiem
655 3597 687 3659 in
713 3596 788 3659 solis
810 3598 916 3663 verbis
937 3601 1107 3664 consistere
1129 3601 1312 3687 opinantur.
1358 3608 1475 3670 Errant

520 3695 576 3781 qui
599 3696 751 3759 virtutem
776 3702 873 3762 verba
896 3710 1024 3784 putant,
1049 3712 1085 3763 ut
1113 3700 1220 3764 lucum
1248 3701 1344 3787 ligna.
1393 3708 1473 3768 Nam

519 3795 646 3860 virtutis
660 3798 891 3864 commendatio
905 3800 1048 3864 consistit
1064 3802 1105 3864 ab
1119 3825 1225 3888 opere,
1240 3816 1273 3866 et
1289 3804 1473 3890 sapientiam

520 3902 621 3962 virtus
641 3899 892 3985 inseparabiliter
912 3903 1092 3967 comitatur.
1132 3904 1229 3967 Unde
1250 3918 1385 3984 constat,
1400 3906 1474 3992 quia

517 4000 564 4065 illi
590 4002 646 4086 qui
673 4003 778 4066 verbis
807 4003 975 4082 inhaerent,
1001 4004 1124 4069 malunt
1153 4005 1253 4068 videri
1284 4029 1382 4091 quam
1410 4029 1472 4071 esse

518 4101 683 4189 sapientes.
721 4103 848 4168 Plateas
864 4105 1073 4183 circumeunt,
1095 4120 1202 4170 terunt
1223 4107 1334 4172 limina
1354 4108 1472 4174 doctio-

522 4225 605 4283 rum,
619 4204 867 4287 quaestiunculas
882 4220 1019 4283 movent,
1034 4207 1182 4271 intricant
1204 4212 1312 4287 verba,
1329 4223 1365 4274 ut
1381 4231 1470 4273 suunt

515 4318 547 4366 et
576 4305 713 4367 alienum
743 4305 905 4369 obducant
936 4327 1072 4381 sensum,
1104 4306 1278 4392 paratiores
1309 4311 1470 4385 ventilare,
