3550 5467
404 747 473 792 cir.
489 731 555 811 xa]
772 751 1027 797 ronscaaricns.
1308 744 1365 803 1-21

405 898 465 961 bus
484 898 615 965 accedit
639 900 679 964 ad
701 899 807 964 vitam.
853 901 939 964 Hinc
960 917 1007 966 est
1028 902 1108 967 illud
1129 904 1268 970 doctoris
1291 909 1367 972 doc-

405 1012 511 1065 torum
536 1002 749 1087 Hieronymi:
776 1006 862 1066 Ama
884 1004 1047 1068 scientiam
1071 1006 1311 1091 scripturarum,
1334 1022 1367 1073 et

406 1100 509 1166 earnis
526 1100 607 1167 vitia
622 1124 685 1165 non
701 1100 830 1166 amabis.

408 1272 488 1356 Cap.
515 1276 565 1336 11.
599 1274 687 1347 Quid
710 1277 754 1336 sit
780 1295 852 1337 aere
876 1276 1112 1357 philosophari:
1146 1287 1175 1341 et
1207 1279 1251 1341 ad
1276 1300 1368 1361 quem

482 1378 595 1456 finem
610 1395 732 1438 omnem
747 1378 989 1457 seripturarum
1006 1388 1118 1461 serpat
1132 1382 1280 1444 intentio.

451 1510 530 1572 Hoc
541 1522 649 1571 autem
665 1531 774 1571 revera
786 1507 1003 1594 philosophari
1018 1525 1077 1586 est,
1090 1523 1122 1574 et
1133 1510 1184 1574 hic
1197 1523 1244 1576 est
1258 1513 1368 1578 multae

410 1608 553 1673 lectionis
564 1610 819 1695 jucundissimus
836 1625 868 1674 et
884 1611 1110 1675 saluberrimus
1124 1613 1257 1679 fructus.
1295 1617 1371 1700 Ipsa

409 1707 575 1797 siquidem
586 1734 692 1775 rerum
713 1714 854 1776 omnium
871 1712 1013 1775 continet
1031 1711 1241 1799 disciplinam,
1257 1729 1288 1779 et
1304 1738 1371 1779 om-

410 1813 498 1875 nium
521 1813 730 1890 moderatrix,
747 1812 902 1876 universis
923 1813 1071 1876 humanae
1090 1817 1164 1878 vitae
1186 1815 1321 1891 actibus,
1338 1831 1369 1882 et

412 1915 525 1993 verbis,
551 1927 583 1978 et
614 1915 864 2000 cogitationibus
889 1914 1034 1992 modum,
1060 1928 1092 1980 et
1122 1917 1273 1980 terminos
1302 1917 1370 2004 ipsa
1441 1998 1447 2005 ι

410 2016 585 2080 constituit.
624 2018 684 2080 Est
711 2029 815 2080 tamen
839 2015 890 2080 cui
915 2038 971 2078 nec
993 2016 1063 2100 ipsa
1085 2018 1173 2082 novit
1199 2019 1368 2084 terminum

411 2117 579 2202 praefinire.
625 2118 687 2181 Est
709 2119 761 2181 cui
782 2119 815 2181 in
838 2139 878 2181 eo
891 2117 1068 2204 praescribit
1088 2119 1230 2198 modum,
1247 2134 1283 2185 ut
1306 2144 1367 2186 non

410 2216 525 2282 habeat
552 2219 694 2283 modum.
745 2216 908 2305 Quicquid
935 2222 1002 2304 agit
1028 2233 1083 2285 aut
1109 2221 1266 2308 loquitur,
1294 2223 1369 2288 illuc

411 2318 525 2394 tendit,
552 2319 638 2406 quod
669 2319 758 2406 apud
790 2334 873 2384 recte
899 2319 1157 2407 philosophantes
1184 2347 1245 2388 non
1272 2325 1368 2390 habet

412 2423 598 2484 terminum.
637 2422 718 2484 Nam
736 2435 768 2485 et
783 2423 852 2506 ejus
868 2424 1046 2488 substantia
1060 2425 1093 2487 in
1108 2449 1145 2489 eo
1159 2426 1316 2503 consistit,
1333 2441 1368 2492 ut

411 2521 491 2585 illud
508 2543 712 2608 nequaquam
729 2521 926 2586 terminetur.
958 2522 991 2585 Si
1004 2524 1087 2587 enim
1104 2525 1278 2589 secundum
1296 2526 1368 2589 Pla-

413 2637 534 2702 tonem,
555 2621 770 2707 Philosophus
793 2622 855 2686 Dei
877 2636 1000 2686 amator
1022 2636 1082 2701 est,
1105 2624 1184 2709 quid
1209 2624 1296 2689 aliud
1322 2641 1370 2692 est

413 2722 628 2808 philosophia,
649 2723 710 2786 nisi
736 2721 912 2787 divinitatis
937 2727 1050 2787 amur?
1083 2724 1156 2786 Hoc
1184 2738 1232 2789 est
1260 2724 1371 2810 utique

413 2827 500 2911 quod
513 2826 675 2890 terminari
688 2847 750 2887 non
764 2825 845 2901 vult,
856 2847 894 2888 ne
910 2840 942 2887 et
957 2825 1037 2910 ipsa,
1048 2825 1134 2910 quod
1148 2849 1210 2890 non
1226 2827 1370 2912 expedit,

411 2925 551 2991 finiatur.
589 2927 686 3001 Quod
701 2927 784 2991 enini
805 2928 927 3001 linitur,
944 2949 1011 2990 esse
1031 2925 1165 2990 desinit:
1194 2928 1265 2992 etsi
1281 2951 1371 2993 amor

416 3028 476 3090 Dei
500 3029 713 3113 extinguitur,
741 3028 952 3113 philosophiae
977 3049 1090 3091 nomen
1115 3028 1281 3093 evanescit.
1320 3031 1373 3095 sic

413 3142 444 3193 et
469 3128 630 3192 incarnata
654 3129 808 3215 sapientia
832 3128 905 3203 Dei,
927 3150 1028 3213 quum
1053 3128 1163 3192 multis
1188 3130 1373 3215 praescribat

414 3230 557 3306 modum,
574 3231 679 3294 Deum
702 3232 769 3294 sine
784 3230 879 3293 modo
899 3231 1047 3315 praecipit
1068 3230 1285 3315 diligendum:
1313 3231 1374 3303 nisi

414 3330 490 3415 quia
511 3330 637 3395 caritati
662 3329 777 3394 modus
798 3329 852 3394 ille
875 3328 1106 3416 praescribitur,
1131 3343 1167 3394 ut
1192 3330 1283 3396 Deus
1307 3331 1373 3394 sine

419 3432 552 3495 termino
582 3432 699 3495 amoris
728 3433 892 3516 diligatur.
938 3432 1001 3509 Qui
1031 3433 1114 3495 enim
1145 3433 1209 3497 ait:
1249 3431 1373 3517 Diliges

416 3532 595 3615 proximum
632 3547 725 3597 tuum
756 3535 837 3598 sicut
870 3547 901 3597 te
936 3533 1053 3618 ipsum,
1083 3534 1165 3598 idem
1200 3534 1372 3620 praemisil2

417 3633 539 3718 Diliges
560 3633 724 3698 dominum
742 3637 847 3697 Deum
869 3648 975 3714 tuum,
989 3658 1028 3698 ex
1049 3635 1227 3699 totocorde
1249 3652 1316 3709 tuo,
1333 3658 1373 3698 ex

415 3746 483 3798 tota
504 3733 611 3797 anima
639 3748 705 3811 tua,
727 3758 767 3798 ex
792 3747 986 3798 tutamenta
1013 3749 1080 3814 tua,
1103 3750 1135 3799 et
1160 3759 1198 3798 ex
1226 3735 1374 3798 omnibus

417 3833 536 3899 viribus
559 3835 633 3900 tuis.
672 3835 763 3899 Idem
788 3858 917 3921 quoque
945 3835 1079 3921 adjecit:
1114 3837 1153 3898 ln
1176 3837 1226 3900 his
1247 3835 1374 3900 duobus

417 3936 586 4015 mandatis,
601 3937 748 4000 universa
766 3936 817 4000 lex
837 3937 954 4023 pendet
977 3951 1008 4001 et
1030 3937 1204 4022 prophetae.
1243 3937 1275 4001 Si
1297 3959 1374 4020 ergo

416 4037 521 4100 omnia
537 4060 610 4121 quae
633 4037 751 4123 scripta
767 4051 842 4102 sunt
862 4038 1025 4122 prophetis
1041 4038 1238 4101 famulantur
1253 4051 1283 4099 et
1300 4036 1374 4118 legi,

417 4137 448 4201 id
464 4145 524 4219 e'st,
540 4135 565 4200 si
581 4138 684 4200 omnis
698 4138 841 4203 doctrina
857 4139 933 4203 illuc
956 4139 1071 4216 tendit,
1089 4155 1123 4201 ut
1141 4140 1235 4201 homo
1251 4127 1375 4218 subjec-

418 4253 469 4303 tus
484 4240 526 4304 sit
541 4239 604 4324 legi
620 4239 693 4319 Dei,
704 4241 777 4325 quis
793 4239 925 4322 ambigit
941 4239 981 4303 ad
999 4262 1131 4323 regnum
1149 4235 1290 4300 caritatis
1307 4234 1374 4297 uni-

417 4363 504 4405 versa
520 4341 654 4404 referri?
682 4343 745 4415 Qui
767 4365 841 4405 vero
864 4341 1118 4425 philosophando
1133 4340 1296 4403 caritatem
1316 4335 1373 4399 ad·
