3550 5467
277 769 344 818 use.
360 755 428 836 nn]
642 773 896 820 ronrcasricos.
1180 766 1240 825 115

279 925 344 1007 Ego
357 936 478 988 autem
494 927 529 988 in
545 920 672 987 illorum
694 925 881 988 sententiam
903 924 1050 989 facillime
1072 926 1161 1006 cedo,
1177 930 1234 1014 qui

276 1026 485 1091 noncredunt
499 1025 706 1092 siuelectione
714 1040 891 1103 auctorum,
899 1051 990 1112 posse
996 1026 1064 1091 fieri
1074 1029 1233 1095 hominem

277 1127 467 1192 litteratum.
531 1127 729 1192 Litterarum
768 1142 873 1192 tamen
909 1130 1001 1216 copia
1029 1153 1231 1217 nequaquam

275 1227 507 1315 philosophum
538 1228 631 1310 facit„
670 1228 784 1294 Gratia
813 1230 969 1316 siquidem
997 1245 1055 1308 est,
1087 1257 1159 1318 quae
1188 1233 1230 1298 ad

275 1330 464 1414 sapientiam
481 1334 548 1395 sols
565 1330 724 1417 perducit.
772 1331 809 1395 ln
825 1355 947 1396 summa
962 1333 1117 1419 siquidem
1139 1335 1230 1420 copia

274 1428 467 1507 litterarum,
488 1445 545 1497 aut
565 1431 744 1517 ignorantia
765 1433 938 1512 interdum,
955 1447 1013 1498 aut
1035 1434 1229 1522 negligentia

275 1533 421 1598 veritatis
435 1546 497 1615 est,
511 1534 577 1596 sine
592 1555 658 1619 qua
672 1533 867 1620 impossibile
882 1547 929 1598 est
946 1557 1139 1621 quemquam
1160 1537 1229 1602 fieri

273 1634 463 1722 sapientem.
509 1634 603 1701 Unde
615 1645 647 1698 et
662 1633 774 1699 doctor
790 1635 842 1699 ille
859 1634 1021 1715 Ecclesiae,
1035 1638 1126 1721 cujus
1138 1660 1229 1702 nemo

273 1737 348 1802 satis
357 1756 482 1800 memor
492 1758 559 1800 esse
570 1749 685 1821 potest,
697 1736 911 1823 Augustinus,
926 1738 1096 1800 Varronem
1111 1737 1229 1822 arguit,

272 1860 368 1925 quern
385 1851 493 1904 tamen
510 1849 547 1902 ut
567 1836 816 1903 literatissimum
834 1838 932 1903 fuisse
954 1837 1076 1913 doceat,
1096 1838 1141 1901 ait
1156 1851 1228 1924 post

270 1953 400 2017 caetera,
439 1939 561 2026 quibus
596 1939 749 2024 singulari
778 1938 937 2025 praecouio
964 1939 1225 2006 commendatur:

272 2040 424 2128 Denique
439 2054 472 2105 et
493 2038 562 2127 ipse
587 2040 727 2118 Tullius,
743 2041 818 2105 huic
840 2038 903 2105 tale
918 2042 1133 2107 testimonium
1156 2064 1227 2128 per-

271 2140 373 2221 bibet,
406 2159 442 2209 ut
466 2143 498 2208 in
521 2142 611 2210 libris
633 2142 829 2208 Academicis
858 2143 954 2221 dicat,
977 2166 1045 2207 eam
1077 2167 1150 2231 quae
1180 2144 1224 2209 ibi

270 2257 419 2310 versatur
434 2244 695 2331 disputationem,
710 2267 743 2308 se
758 2244 906 2311 habuisse
921 2267 994 2308 cum
1009 2249 1057 2310 M.
1071 2245 1223 2323 Varrone,

270 2343 411 2424 bomine,
443 2345 559 2434 inquit,
582 2347 722 2410 omnium
754 2345 846 2409 facile
875 2345 1067 2422 acutissimo,
1093 2360 1125 2410 et
1156 2347 1224 2411 sine

269 2446 475 2513 dubitatione
497 2447 688 2512 doctissimo
734 2447 807 2511 Non
830 2447 875 2512 ait
898 2448 1156 2532 eloquentissimo
1171 2448 1222 2511 vel

268 2549 511 2630 facundissimo,
520 2547 669 2635 quoniam
683 2570 789 2612 revera
801 2549 832 2613 in
849 2549 908 2612 hac
919 2548 1071 2614 facultate
1084 2548 1223 2613 multum

269 2652 375 2739 impar
393 2663 454 2728 est,
477 2651 531 2716 sed
553 2650 694 2715 omnium
715 2648 807 2712 facile
826 2648 1019 2725 acutissimo,
1042 2662 1074 2713 et
1096 2647 1223 2712 indubi-

269 2750 572 2818 tanterdoctissimo.
596 2748 1219 2836 Inprimoautemlibro,quumejusdem

269 2854 424 2919 Varronis
444 2852 619 2918 literatoria
635 2873 733 2937 opera
752 2848 952 2936 pradicaret,
968 2871 1035 2926 nos,
1051 2848 1166 2934 inquit,
1189 2850 1221 2912 in

267 2968 376 3020 nostra
390 2954 471 3018 urbe
484 2952 729 3040 peregrinantes,
749 2962 954 3035 errantesque
974 2962 1124 3035 tauquam
1150 2949 1221 3012 hos·

267 3054 362 3140 pites,
374 3056 424 3119 tui
439 3053 511 3118 libri
526 3053 618 3140 quasi
632 3053 764 3116 domum
779 3049 988 3125 reduxerunt,
1002 3063 1039 3114 ut
1055 3071 1220 3136 possemus

267 3155 441 3242 aliquando
453 3155 520 3242 qui,
533 3168 565 3221 et
579 3156 633 3219 ubi
649 3175 798 3232 essemus,
809 3173 987 3235 agnoscere.
1022 3152 1075 3213 Tu
1092 3164 1219 3216 aetatem

266 3257 391 3342 patriae,
406 3269 443 3322 tu
458 3255 687 3341 descriptiones
701 3267 894 3340 temporum,
908 3265 943 3317 tu
961 3274 1120 3317 sacrorum
1132 3254 1219 3338 jura,

267 3351 1220 3440 tusacerdotum3tudomesticam‚tupublicamdisciplinam,

267 3473 302 3525 tu
318 3458 456 3537 sedium,
468 3456 642 3543 regionum,
658 3456 810 3535 locorum,
825 3468 862 3519 tu
872 3454 1014 3520 omnium
1026 3454 1217 3536 divinarum,

266 3561 541 3646 humanarumque
571 3581 677 3623 rerum
707 3558 845 3634 nomina,
874 3580 1002 3642 genera,
1037 3557 1149 3640 officia,
1185 3574 1217 3625 et

264 3685 375 3728 causas
389 3662 553 3750 aperuisti.
601 3665 666 3726 Iste
688 3660 787 3745 igitur
806 3661 856 3723 vir
877 3676 940 3724 tam
960 3661 1093 3746 insignis
1114 3661 1218 3726 excel·

265 3764 420 3852 lentisque
430 3763 565 3852 peritiae,
575 3764 629 3850 qui
640 3778 704 3826 tam
715 3763 816 3826 multa
826 3761 1129 3848 legit‚uteialiquid
1140 3765 1215 3829 scri·

265 3866 335 3932 bere
349 3890 477 3932 vacasse
490 3865 650 3941 miremur,
664 3878 728 3928 tam
742 3862 845 3928 multa
856 3865 993 3948 scripsit,
1005 3886 1101 3949 quam
1114 3867 1217 3931 multa

264 3968 314 4034 vix
327 3990 512 4056 quenquam
525 3968 630 4051 legere
644 3967 781 4052 potuisse
792 3967 969 4030 credamus.
1001 3968 1068 4031 Iste
1083 3969 1215 4054 iuquam

264 4071 309 4134 rir
325 4086 436 4138 tantus
450 4068 588 4154 ingenio,
605 4080 777 4154 tantusque
791 4068 948 4143 doctrina,
964 4067 989 4130 si
1005 4090 1110 4131 rerum
1128 4068 1216 4130 velut

262 4170 457 4249 divinarum,
472 4171 513 4235 de
528 4170 645 4256 quibus
659 4169 779 4245 scribit,
794 4180 999 4255 oppugnator
1021 4180 1102 4231 esset
1118 4181 1215 4249 atque

262 4271 454 4348 destructor,
474 4292 592 4356 easque
615 4292 676 4333 non
697 4271 738 4333 ad
761 4271 958 4355 religionem,
975 4267 1029 4331 sed
1052 4266 1091 4328 ad
1109 4286 1218 4349 super-

261 4375 421 4439 stitionem
446 4372 567 4436 diceret
589 4369 757 4455 pertinere,
778 4368 883 4432 nescio
905 4382 1013 4430 utrum
1030 4378 1094 4428 tam
1119 4363 1223 4427 multa

722 4491 733 4532 1
749 4478 769 4532 2
