3550 5467
406 772 474 818 cae.
490 755 596 834 mu]
760 755 1015 815 notrcaarrcus.
1292 759 1354 817 377

406 922 499 988 duxit
521 921 553 986 in
578 930 694 985 terram
715 920 976 1007 peregrinationis
997 933 1124 997 nostrae,
1144 933 1177 984 et
1200 921 1356 1006 plantavit

404 1027 435 1088 in
452 1024 558 1089 medio
572 1024 722 1101 ecclesiae,
740 1037 775 1087 ut
795 1022 836 1085 ab
857 1045 895 1084 eo
917 1021 1095 1086 illustretur
1109 1046 1166 1110 per
1181 1023 1355 1100 scientiam,

405 1131 573 1194 roboretur
598 1150 655 1214 per
681 1127 844 1203 virtutem,
870 1139 903 1189 ct
932 1124 1056 1189 exultet
1084 1126 1117 1189 in
1145 1125 1357 1189 misericordia

406 1229 506 1306 uberi,
522 1242 554 1294 et
569 1228 721 1314 gaudium
737 1231 806 1313 ejus
821 1225 951 1313 plenum
968 1227 1182 1310 sit,gaudinm
1197 1252 1217 1291 a
1232 1232 1313 1305 Deo,
1323 1240 1355 1292 et

403 1333 435 1395 in
454 1336 534 1410 Deo,
549 1331 703 1416 gaudium
721 1328 807 1416 quod
824 1351 917 1391 nemo
932 1326 1022 1392 tollet
1036 1330 1077 1392 ab
1093 1328 1171 1412 ipsa.
1216 1330 1357 1395 Accedat

404 1457 481 1518 ergo
500 1433 540 1496 ad
563 1434 720 1509 arborem,
736 1431 873 1495 ducente
887 1429 1002 1515 gratia,
1018 1433 1074 1514 qui
1090 1429 1267 1495 abducente
1281 1454 1356 1494 con·

406 1537 600 1620 cupiscentia
614 1534 752 1621 deliquit
768 1534 799 1596 in
815 1532 1134 1617 arborem,quoniam
1149 1531 1234 1595 salus
1249 1546 1358 1597 nostra

407 1637 447 1700 ab
462 1637 571 1700 eadem
587 1647 757 1721 procurata
771 1647 819 1698 est
842 1636 873 1697 in
891 1632 988 1717 ligno,
1004 1633 1080 1719 qnia
1099 1656 1183 1697 mors
1198 1646 1270 1698 ante
1286 1657 1358 1719 pro-

406 1741 526 1802 cessita
541 1738 639 1823 ligno.
683 1735 903 1813 Accedat,scd
914 1736 1253 1822 contrariispassibus3
1280 1759 1358 1822 quo-

406 1839 490 1902 niam
502 1838 666 1903 contrariis
681 1837 811 1923 expedit
823 1835 927 1901 curari
939 1837 1107 1901 contraria.
1145 1835 1188 1902 Et
1203 1837 1280 1923 quia
1295 1860 1357 1902 nou

406 1942 510 2005 fuerat
533 1940 691 2004 hominem
713 1940 897 2025 dejecturus
918 1952 1067 2021 tentator,
1087 1940 1145 2005 nisi
1166 1941 1200 2004 in
1219 1955 1355 2006 mentem

406 2044 475 2128 ejus
497 2043 591 2107 elatio
611 2045 867 2129 praecessisset,a
887 2042 1000 2106 timore
1021 2043 1177 2128 concipiat
1198 2042 1282 2107 unde
1297 2042 1357 2106 bu-

406 2143 546 2206 milietur
560 2142 619 2206 sub
634 2141 755 2229 potenti
772 2163 866 2204 manu
885 2141 958 2220 Dei,
973 2141 1030 2226 qui
1051 2141 1185 2206 exaltari
1199 2141 1358 2207 desiderat

407 2244 438 2306 in
454 2243 506 2307 die
523 2243 719 2310 visitationis.
758 2244 925 2309 Abstineat
938 2241 1072 2322 alicitis,
1083 2244 1140 2330 qui
1152 2244 1358 2330 praesumpsit

407 2344 528 2424 illicita,
544 2358 575 2410 ct
592 2346 771 2410 incendium
788 2345 1051 2431 concupiscentiae
1067 2346 1213 2412 ordinata
1233 2348 1359 2432 mitiget

409 2447 548 2513 caritate.
605 2449 791 2513 Delectetur
821 2452 853 2511 in
883 2447 944 2525 his,
974 2448 1081 2511 videat
1110 2460 1142 2512 ct
1170 2470 1254 2512 nnnc
1283 2449 1360 2533 quin

407 2547 529 2631 lignum
546 2548 714 2634 pulchrum
731 2564 778 2612 est
794 2549 875 2621 visu,
893 2547 980 2610 etad
997 2548 1187 2611 vescendum
1203 2571 1311 2625 suave,
1326 2562 1358 2613 et

407 2650 548 2713 fructum
577 2670 660 2711 verae
685 2647 903 2724 beatitudinis,
931 2660 962 2711 et
990 2669 1113 2732 semper
1136 2647 1246 2713 loetum
1273 2662 1360 2713 tran·

407 2745 518 2830 quillae
541 2743 616 2806 vitae
635 2756 753 2806 statum
776 2743 866 2807 dabit
883 2746 916 2808 in
940 2756 1082 2829 tempore
1105 2765 1173 2821 suo,
1190 2749 1290 2811 Porro
1307 2748 1360 2832 ju·

406 2847 532 2910 candus
547 2846 640 2910 timor
655 2847 711 2932 qui
728 2846 759 2909 in
771 2845 948 2911 dilectionis
960 2847 1165 2912 reverentiam
1183 2848 1280 2926 cadit,
1296 2873 1358 2913 non

407 2951 497 3014 novit
512 2947 620 3027 ociari,
635 2962 691 3013 aut
712 2949 932 3036 praescriptam
955 2949 1015 3015 sibi
1031 2951 1230 3037 praevaricari
1246 2951 1358 3036 legem,

408 3052 463 3116 scd
488 3054 609 3117 timoris
634 3052 720 3115 foras
746 3052 845 3115 mittit
869 3051 1006 3132 aculeos,
1028 3066 1059 3116 et
1085 3076 1124 3116 ex
1151 3076 1257 3117 amore
1282 3054 1360 3119 facit

407 3157 502 3229 bona,
519 3166 630 3240 sponte
652 3177 710 3218 sua
731 3154 897 3218 adhaerens
912 3153 1057 3239 justitiae‚
1073 3169 1105 3219 et
1124 3157 1217 3242 quasi
1239 3156 1361 3221 viribus

407 3255 597 3320 obedientiae
611 3279 684 3320 cuna
700 3260 804 3341 gratia
824 3256 1062 3344 quodammodo
1080 3256 1232 3322 violenter
1247 3259 1361 3323 nititur

408 3360 572 3441 acquirere
594 3358 703 3432 vitam,
727 3359 783 3444 qui
811 3380 868 3444 per
893 3357 1138 3422 inobedientiam
1165 3381 1204 3422 ex
1233 3358 1362 3424 levitate

409 3460 530 3526 arbitrii
541 3461 723 3524 cucurritin
734 3473 875 3525 mortem.
915 3461 1024 3526 Timor
1039 3461 1248 3525 innocentiam
1265 3463 1359 3546 parit,

405 3562 564 3646 justitiam
592 3563 812 3627 benefaciendi
838 3563 1059 3628 mandatorum
1085 3564 1266 3629 obedientia
1288 3589 1361 3652 pro·

408 3677 525 3740 movet,
542 3677 692 3749 rectoque
714 3663 792 3728 calle
814 3665 854 3727 ad
877 3687 982 3730 veram
1006 3666 1234 3731 beatitudinem
1253 3669 1362 3753 justus

410 3766 607 3849 perducitur.
653 3766 735 3828 Nam
757 3779 788 3830 et
810 3767 837 3831 is
856 3779 907 3832 est
932 3788 1025 3853 quem
1047 3767 1184 3834 deduxit
1205 3771 1362 3836 Dominus

412 3888 467 3951 per
494 3867 560 3929 vias
590 3879 703 3942 rectas,
731 3866 811 3931 dans
840 3868 868 3932 ei
899 3869 1059 3934 scientiam
1087 3885 1278 3945 sanctorum,
1306 3873 1362 3936 ho-

412 3983 537 4033 nestans
560 3991 633 4032 eum
658 3968 690 4031 in
715 3968 887 4046 laboribus,
915 3982 947 4034 et
973 3972 1005 4035 in
1030 3971 1177 4035 omnibus
1201 3973 1362 4057 complens

410 4069 437 4130 ei
468 4070 711 4144 beatitudinem,
738 4093 885 4156 proquo
909 4070 1045 4134 fideliter
1068 4083 1100 4133 et
1124 4068 1244 4132 utiliter
1273 4072 1361 4134 labo·

410 4183 510 4235 ratur.
556 4175 683 4236 Possem
710 4171 825 4247 dicere,
852 4169 929 4256 quia
951 4171 991 4235 ad
1019 4171 1103 4234 hunc
1130 4170 1266 4237 tendunt
1293 4186 1361 4239 tota

412 4276 462 4334 lex
479 4286 509 4335 ct
527 4274 701 4358 prophetae,
716 4295 888 4357 omnesque
910 4273 1076 4357 scripturae
1095 4273 1264 4352 canonicae,
1284 4276 1362 4361 quia

412 4373 546 4438 tendunt
572 4374 612 4436 ad
645 4374 754 4437 lilium.
801 4375 914 4460 Neque
944 4375 1027 4439 enim
1056 4374 1144 4439 istud
1173 4374 1360 4459 ambiguum
