3550 5467
416 758 480 816 ato
667 767 805 810 saturus
819 765 1102 810 saussnsntassis
1204 748 1287 828 [nin.
1302 770 1364 814 vui.

417 920 510 984 alicui
541 921 687 1002 sapienti,
714 939 775 978 non
802 917 903 999 magis
933 938 1029 999 quam
1058 921 1099 980 C.
1127 916 1292 1003 Caligula,
1318 930 1366 982 aut

417 1019 575 1096 Vitellius,
595 1021 651 1083 sed
673 1021 768 1082 etiam
791 1018 908 1080 minus.
955 1014 1038 1080 Nam
1060 1032 1094 1082 et
1111 1018 1164 1082 hic
1185 1021 1328 1106 prandia,
1339 1036 1367 1084 et

333 1186 342 1201 ‚
416 1144 531 1198 coenas,
554 1136 586 1184 et
602 1119 843 1182 comessationes
858 1118 1026 1183 immodice
1043 1120 1286 1206 frequentabat.
1316 1125 1368 1186 Fr·

417 1223 591 1287 mosissima
606 1244 703 1305 super
717 1236 849 1284 caeteras
865 1220 928 1284 fuit
943 1243 1045 1296 coena,
1058 1221 1091 1285 in
1109 1246 1178 1307 qua
1194 1224 1368 1290 invitatusa

416 1326 514 1388 fratre
529 1325 603 1399 fuit,
619 1323 739 1387 habens
758 1322 825 1386 duo
845 1322 945 1386 millia
969 1322 1218 1389 lectissimorum
1234 1327 1368 1413 piscium,

416 1440 537 1512 septem
552 1426 651 1489 millia
672 1428 791 1490 avium.
838 1425 932 1487 Hanc
953 1448 1081 1510 quoque
1105 1430 1299 1512 exuperauit
1311 1430 1367 1512 ipse

416 1530 449 1592 in
464 1526 662 1592 dedicatione
678 1526 810 1612 patriae;
835 1547 931 1611 quam
953 1527 997 1590 ob
1012 1527 1201 1591 immensam
1219 1530 1367 1614 magnitu-

417 1630 536 1705 dinem,
547 1629 695 1715 clypeum
706 1628 1053 1712 Minersaeappellavit.
1091 1629 1368 1717 luhacphasiano

419 1755 490 1797 rum
513 1747 545 1796 ct
569 1752 728 1815 pavonum
752 1729 918 1805 cerebella,
941 1729 1067 1812 linguas
1087 1730 1369 1818 phoenicopterun,

417 1857 620 1900 murenarum
642 1837 737 1896 lactes
759 1854 798 1895 ex
814 1832 909 1895 certis
924 1833 1021 1895 maris
1036 1833 1186 1917 partibus
1203 1836 1367 1919 petitarum

417 1937 624 2000 commiscuit.
671 1933 828 2019 Nunquid
847 1932 939 1997 Julio
960 1932 1009 1996 vel
1032 1939 1185 2020 Augusto
1208 1938 1309 2022 major
1328 1952 1369 2001 est

416 2036 567 2102 Metellus
595 2034 744 2098 Pontifex
767 2033 961 2108 luxuriosus,
987 2036 1079 2120 cujus
1101 2058 1227 2101 coenam
1255 2038 1370 2102 facilius

415 2150 463 2201 est
479 2137 608 2213 referre,
635 2158 731 2221 quam
748 2135 952 2221 intelligere?
976 2137 1059 2200 Nam
1077 2152 1110 2201 et
1126 2139 1197 2224 ipse
1213 2141 1369 2216 lammam,

416 2242 480 2302 imo
498 2238 648 2300 infamem
664 2237 739 2301 fecit
755 2259 890 2316 coenam,
909 2254 941 2302 et
956 2239 1177 2315 anticoenium,
1201 2243 1263 2321 vel,
1280 2257 1314 2308 ut
1328 2244 1366 2306 ait

417 2336 642 2411 Portuuianus,
654 2340 883 2418 paracoenium,
901 2350 991 2402 tanta
1004 2339 1162 2405 instruxit
1180 2342 1319 2419 luxuria,
1335 2357 1366 2407 ut

414 2460 476 2502 non
492 2435 589 2501 modo
603 2434 801 2522 splendorem
817 2461 917 2503 coenae
933 2438 1046 2518 civilis,
1060 2441 1116 2504 sed
1133 2442 1232 2507 etiam
1250 2446 1369 2530 AEgyp

415 2543 495 2607 tium
518 2540 630 2604 luxum
654 2539 829 2604 excederet.
877 2541 1041 2626 Siquidem
1064 2565 1189 2609 coenam
1213 2548 1295 2611 hanc
1315 2569 1366 2634 ap·

415 2644 521 2731 posuit
542 2656 615 2707 aute
635 2664 767 2715 coenam,
783 2643 920 2722 echinus,
940 2657 1059 2709 ostreas
1082 2648 1202 2713 amdas
1217 2664 1367 2736 quantum

416 2748 543 2823 vellent,
560 2744 726 2831 peloridas,
744 2744 916 2830 spondilos,
934 2746 1078 2824 turdum,
1100 2773 1284 2836 asperatum,
1298 2752 1367 2817 sul>

415 2846 1368 2938 tusgallinamaltilem,patinamostrearum,balancsnigros,

414 2949 545 3014 balanos
559 2947 658 3026 albos,
669 2944 783 3010 iterum
799 2945 972 3031 spondilos,
983 2946 1232 3033 glycomaridas,
1248 2955 1371 3033 urticas,

415 3048 576 3125 ficedulas,
599 3046 743 3120 bumbos,
759 3047 955 3132 capragines,
976 3050 1046 3134 apri
1068 3068 1204 3130 ungues,
1220 3050 1320 3115 altilia
1338 3065 1366 3115 et

413 3151 516 3215 farina
537 3147 691 3221 involuta,
714 3147 875 3227 ficedulas,
905 3149 1050 3225 murices,
1081 3164 1113 3213 et
1142 3174 1314 3237 purpuras,
1339 3154 1368 3216 in

413 3273 504 3315 coena
518 3272 642 3315 summa
656 3249 793 3334 sinciput
815 3250 974 3334 aprinum,
990 3255 1131 3335 patinam
1154 3252 1304 3336 piscium,
1320 3276 1370 3340 pa·

413 3354 512 3417 tinam
543 3352 688 3426 suminis,
718 3363 838 3427 anates,
875 3351 1071 3436 querudulas
1106 3352 1219 3427 elixas,
1250 3354 1368 3441 lepores

412 3456 581 3538 saginatos,
598 3451 699 3515 altilia
713 3474 793 3530 assa,
807 3452 960 3528 amulum,
974 3475 1070 3538 panes
1086 3454 1255 3539 piscentes.
1293 3458 1370 3530 Quis

412 3568 489 3617 tunc
511 3553 669 3617 luxuriam
693 3567 855 3617 accusaret
878 3553 1024 3631 aliorum,
1046 3556 1179 3641 quando
1202 3570 1251 3622 tot
1272 3560 1365 3622 rebus

409 3655 495 3718 facta
530 3654 594 3716 fuit
621 3676 713 3718 coena
749 3655 963 3720 Pontificum?
1011 3660 1093 3721 Nam
1132 3673 1165 3723 et
1197 3660 1268 3746 ipsa
1296 3659 1369 3724 edu·

408 3754 523 3820 liorum
546 3776 663 3839 genera
686 3755 734 3817 vel
758 3756 846 3821 dictu
871 3758 979 3845 turpia
1000 3777 1083 3840 suut,
1105 3775 1138 3825 et
1158 3764 1363 3841 nostratibus,

409 3856 482 3921 licet
504 3856 597 3920 nimis
616 3857 648 3920 in
673 3856 769 3921 luxus
790 3859 958 3945 splendore
980 3862 1170 3947 glorientur,
1195 3887 1256 3949 pro
1278 3878 1364 3951 parte

407 3957 563 4022 inaudita.
609 3957 641 4020 si
663 3959 737 4043 quis
759 3982 795 4021 ea
818 3981 909 4025 nosse
929 3959 1101 4040 desiderat,
1125 3980 1288 4029 recenseat
1310 3967 1367 4030 Sa·

408 4059 556 4139 turnalia,
577 4073 741 4146 percurrat
767 4062 954 4126 Portuuiani
981 4064 1087 4128 civilia
1109 4064 1270 4131 instituta.
1315 4066 1361 4128 Ne

408 4177 514 4227 tamen
545 4160 691 4224 vitiorum
717 4159 809 4242 longe
839 4176 991 4244 petantur
1019 4165 1177 4249 exempla,
1207 4168 1360 4251 majorum

408 4265 569 4327 erroribus
584 4282 657 4324 suos
672 4272 778 4322 nostra
795 4275 873 4326 oetas
888 4264 1014 4349 adjecit.
1061 4269 1197 4330 Memini
1208 4266 1361 4352 meipsum

409 4365 440 4427 iu
458 4363 579 4448 Apulia
593 4361 701 4426 divitis
716 4362 881 4446 cujusdam
897 4366 1081 4432 interfuisse
1103 4390 1216 4445 coenoe,
1233 4391 1309 4453 quaa
1322 4367 1360 4430 ab
