3550 5467
507 714 527 771 1
761 723 1185 771 111111111111111111111
1320 705 1404 783 [mn.
1420 723 1466 767 vr.

507 879 729 945 retrrstissimae
745 875 987 942 consuetudinis
1002 885 1263 959 contemptorem.
1298 875 1407 959 Hujus
1422 873 1468 937 rei

508 992 606 1047 testes
633 1003 753 1045 sumus.
807 978 903 1053 Quod
930 978 957 1043 11
984 989 1071 1043 tuam
1096 999 1232 1061 purgare
1256 977 1394 1043 volueris
1418 977 1468 1039 in·

508 1084 705 1160 nocentiam,
734 1090 789 1145 aut
817 1102 876 1165 pro
901 1080 1029 1165 justitia
1059 1080 1233 1163 quicquam
1263 1091 1414 1156 astruere,
1439 1077 1468 1140 si

510 1184 673 1248 Christum
703 1183 825 1245 dixeris
853 1203 960 1263 regem
990 1202 1071 1255 esse,
1101 1182 1153 1244 cui
1191 1182 1293 1263 magis
1322 1188 1469 1265 oporteat

510 1304 608 1366 quam
629 1282 813 1345 hominibus
836 1281 971 1357 obediri,
991 1281 1019 1343 si
1038 1281 1197 1344 Ecclesiae
1217 1281 1298 1366 ejus,
1314 1280 1467 1365 quoniam

510 1383 574 1447 hoc
590 1383 825 1447 odiosissimum
840 1394 900 1460 est,
915 1381 1047 1466 aliquod
1067 1383 1235 1466 protuleris
1257 1382 1468 1466 privilegium,

510 1486 665 1549 continuo
688 1485 901 1549 vociferantes
926 1485 1127 1562 intonabunt,
1150 1484 1228 1569 quid
1251 1484 1389 1568 amplius
1411 1483 1465 1546 de·

510 1585 658 1650 sideratis
673 1584 792 1650 testes?
830 1586 920 1649 Ecce
937 1586 1057 1668 vosipsi
1071 1584 1207 1649 audistis
1221 1584 1465 1669 blasphemiam.

510 1688 665 1772 Quisquis
691 1689 804 1751 asserit
826 1688 914 1763 talia,
938 1686 1127 1751 contradicit
1150 1687 1281 1752 Caesari.
1334 1687 1369 1749 Si
1391 1706 1466 1748 vero

505 1788 612 1873 judex
648 1790 867 1853 innocentiam
904 1787 1029 1864 videns,
1053 1788 1275 1872 justitiamque
1312 1787 1468 1851 reveritus

511 1889 764 1969 dissimulaverit,
787 1889 930 1972 undique
954 1891 1220 1955 conclamabunt:
1249 1890 1285 1954 si
1307 1891 1393 1953 hunc
1419 1888 1468 1951 di·

511 1991 623 2069 mittis,
652 2013 718 2055 non
748 2014 783 2055 cs
812 1992 935 2054 amicus
964 1990 1110 2055 Oaesaris.
1163 1993 1210 2056 Ut
1243 1993 1339 2057 unius
1370 2011 1469 2074 poens

510 2093 657 2156 liberatio
679 2093 721 2155 sit
743 2094 924 2169 multorum,
948 2094 1024 2157 tolle
1049 2104 1083 2156 et
1108 2094 1179 2156 dele
1204 2094 1302 2165 huuc,
1324 2104 1361 2157 111
1384 2092 1469 2155 vivat

512 2203 546 2255 et
562 2194 664 2256 valeat
683 2193 849 2256 Barrabas.
895 2193 1017 2257 Omnes
1039 2194 1126 2257 enim
1147 2205 1221 2257 sunt
1241 2195 1330 2279 quasi
1351 2212 1468 2275 corpus

511 2313 622 2369 uuum,
648 2294 736 2377 quod
763 2293 847 2357 111111
872 2293 1041 2357 manifesta
1067 2295 1264 2358 convincunt
1291 2315 1399 2378 opera,
1425 2313 1469 2357 ex

511 2406 602 2477 patre
622 2393 753 2457 diabolo
773 2406 830 2468 est,
850 2394 943 2478 cujus
964 2395 1016 2458 isti
1036 2406 1110 2458 sunt
1131 2398 1283 2460 membra.
1327 2393 1468 2475 Egregie

512 2495 643 2579 quidem
666 2495 707 2560 de
727 2497 796 2561 istis
815 2497 931 2561 beatus
950 2497 1015 2560 Job
1034 2498 1096 2561 ait:
1123 2498 1249 2580 Corpus
1268 2499 1355 2561 illius
1375 2496 1467 2581 quasi

512 2607 603 2663 scuta
621 2598 737 2675 firsilia,
752 2610 785 2661 et
799 2610 1003 2681 compactum
1023 2600 1167 2682 squamis
1186 2622 1220 2663 se
1239 2599 1468 2683 prementibus.

513 2699 589 2763 Una
603 2699 658 2763 uni
675 2699 892 2782 conjungitur,
901 2711 933 2763 et
945 2721 985 2763 ne
996 2701 1190 2784 spiraculum
1202 2700 1333 2784 quidem
1347 2698 1471 2764 incedit

511 2821 570 2884 per
584 2821 649 2864 111.
689 2802 763 2865 Una
778 2803 868 2865 111111
884 2802 1071 2875 cohaerebit,
1084 2813 1116 2864 et
1130 2813 1276 2865 tenentes
1291 2823 1336 2879 se,
1347 2821 1468 2883 nequa·

500 2923 610 2985 -quam
625 2903 865 2985 separabuntur.
896 2903 1061 2966 Assistunt
1075 2903 1147 2980 sibi,
1158 2903 1235 2987 quia
1248 2914 1470 2966 'convenerunt

512 3002 545 3064 in
558 3023 656 3066 unum
667 3002 817 3067 adversus
827 3003 1003 3080 dominum,
1011 3015 1044 3066 et
1052 3002 1206 3067 adversus
1216 3003 1378 3068 Christum
1388 3002 1469 3086 ejus.

513 3103 683 3190 Tantaque
703 3104 813 3189 vigent
832 3107 1032 3185 auctoritate,
1046 3119 1081 3171 ut
1100 3106 1255 3191 quicquid
1270 3105 1410 3170 dixerint
1423 3106 1471 3170 111

513 3207 667 3285 obtineat,
682 3229 719 3271 11
736 3208 763 3270 si
779 3208 961 3272 inveniatur
978 3209 1013 3271 in
1033 3210 1124 3273 11111.
1169 3207 1340 3272 attestatio
1359 3228 1469 3271 eorum

513 3306 638 3370 veritati
659 3307 856 3392 praejudicat
903 3308 979 3370 Non
1001 3320 1050 3371 est
1072 3319 1187 3391 praeter
1206 3308 1396 3390 principem,
1417 3308 1470 3370 cui

513 3407 612 3470 liceat
636 3408 766 3471 obviare
787 3429 897 3471 eorum
918 3408 1095 3471 sententiis·
1141 3409 1214 3471 Nisi
1238 3430 1294 3472 eos
1319 3409 1470 3492 princeps

515 3518 674 3585 coerceat,
694 3508 772 3570 licet
793 3529 908 3571 omnes
930 3507 1041 3571 dicant
1063 3508 1139 3592 quia
1162 3530 1229 3594 pax
1251 3522 1311 3584 est,
1334 3531 1399 3572 non
1422 3520 1471 3572 est

514 3609 625 3694 utique
639 3631 717 3693 pax,
728 3622 782 3674 aut
796 3610 853 3675 illa
868 3632 935 3694 pax
950 3611 1020 3674 1111
1034 3621 1094 3688 est,
1104 3612 1137 3674 in
1149 3634 1213 3696 qua
1227 3624 1277 3675 est
1291 3610 1470 3676 amaritudo

516 3711 723 3775 amarissima.
768 3712 852 3776 Nam
868 3733 968 3796 quum
983 3712 1063 3777 alias
1076 3713 1186 3777 habita
1194 3713 1409 3788 moderatione
1424 3714 1472 3775 in·

516 3813 654 3895 culpatis
668 3814 787 3891 tutelas,
797 3813 862 3877 vim
874 3815 905 3876 vi
920 3816 1073 3899 repellere
1085 3815 1192 3890 liceat,
1203 3816 1472 3892 concutientibus,

516 3912 742 3999 spoliantibus,
752 3916 977 4000 torquentibus
986 3917 1049 3995 his,
1060 3918 1173 3982 mutire
1187 3939 1253 3981 non
1267 3919 1352 3982 licet.
1382 3918 1403 3982 J
1406 3918 1471 3982 uris

516 4015 635 4081 etenim
650 4013 796 4080 videntur
809 4038 880 4080 esse
896 4017 1039 4080 ministri.
1079 4018 1264 4083 Excusatur
1278 4019 1333 4103 qui
1349 4018 1470 4101 aliquid

517 4119 560 4182 ch
584 4117 714 4180 tutelam
738 4118 857 4202 proprii
881 4120 1025 4203 corporis
1046 4119 1164 4197 fecerit,
1183 4121 1211 4184 si
1232 4131 1338 4185 tamen
1358 4120 1472 4204 quavis

516 4219 631 4305 injuria
642 4219 843 4283 trahentibus
858 4219 910 4282 his
926 4222 1085 4297 restiterit,
1095 4221 1212 4303 diguus
1223 4244 1319 4305 poena
1330 4223 1473 4306 qualibet

512 4322 686 4406 judicatur.
725 4321 759 4387 Si
772 4323 893 4387 crinem
907 4323 1067 4389 turbatum
1084 4334 1117 4388 11
1131 4335 1294 4406 turpatum
1308 4325 1475 4408 protrahit,
