3550 5467
404 765 482 812 car.
499 750 566 828 xa]
768 767 1025 812 eourcnsrrcus.
1310 760 1375 817 965

406 932 566 1004 paternus
588 931 621 982 et
642 918 801 997 alumnus,
821 932 853 983 et
873 918 1031 982 formosus
1051 918 1178 996 assecla,
1200 932 1232 983 et
1254 942 1368 1004 procu·

406 1033 499 1085 rator
525 1018 771 1090 calamistratus,
794 1031 826 1082 et
853 1020 886 1081 in
913 1019 1040 1105 longam
1066 1043 1274 1106 securamque
1299 1022 1370 1087 libi·

408 1120 519 1184 dinem
536 1134 685 1185 exsectus
699 1120 811 1206 spado,
823 1120 883 1184 sub
899 1115 1018 1207 quilius
1034 1121 1215 1185 nominibus
1230 1121 1369 1187 adulteri

409 1221 617 1288 delitescunt.
664 1225 879 1308 Quoscuuque
893 1222 948 1286 illa
963 1223 1123 1299 dilexerit,
1139 1224 1255 1309 ingrati
1271 1225 1367 1288 etiam

410 1325 553 1391 ouandi.
600 1327 631 1390 Si
649 1341 746 1392 totam
768 1325 796 1388 ei
819 1325 950 1388 domum
973 1325 1142 1410 regendam
1165 1328 1368 1408 commiseris,

411 1426 614 1491 serviendum
631 1440 689 1491 est.
735 1426 767 1489 si
790 1425 910 1511 aliquid
933 1441 988 1491 tuo
1003 1427 1135 1491 arbitrio
1151 1428 1370 1509 reservaveris,

410 1526 511 1590 fldem
533 1527 592 1592 sibi
614 1527 721 1590 haberi
745 1549 805 1589 non
830 1527 970 1612 putabit,
985 1540 1017 1591 et
1040 1526 1071 1589 in
1095 1526 1204 1591 odium
1228 1542 1369 1592 vertetur

410 1650 449 1691 ac
474 1628 597 1714 jurgia,
624 1642 656 1693 et
686 1628 745 1693 nisi
769 1629 833 1692 cito
855 1628 1063 1705 consulueris,
1086 1629 1210 1715 parabit
1238 1653 1367 1693 venena.

413 1731 522 1806 Anus,
536 1742 568 1793 et
584 1730 739 1807 aurifices,
754 1743 786 1794 et
802 1729 928 1808 ariolos,
939 1741 971 1792 et
985 1731 1145 1794 institores
1159 1752 1371 1815 gemmarum,

412 1830 651 1917 sericarumque
667 1835 816 1907 restium,
832 1831 858 1894 si
879 1831 1097 1911 intromiseris,
1112 1831 1288 1916 periculum
1310 1855 1368 1917 pu·

411 1930 533 1996 dicitiae
548 1945 612 2006 est3
637 1934 662 1997 si
678 1933 879 2018 prohibueris
890 1934 1076 2019 suspicionis
1087 1935 1213 2020 injuria.
1249 1936 1368 1997 Verum

411 2032 494 2120 quid
510 2034 640 2119 prodest
657 2035 751 2101 etiarn
769 2035 905 2120 diligens
921 2035 1076 2111 custodia,
1088 2060 1189 2121 quum
1205 2059 1288 2100 uxor
1303 2059 1367 2099 ser-

412 2137 483 2199 vari
498 2135 661 2219 impudica
677 2157 739 2199 non
755 2135 869 2221 possit:
887 2135 1088 2221 pudica,non
1099 2137 1234 2202 debeat?
1260 2135 1368 2200 Infida

412 2238 498 2300 enim
521 2247 628 2299 custos
645 2249 694 2300 est
715 2235 871 2300 castitatis
894 2237 1072 2314 necessitas,
1089 2250 1120 2301 et
1140 2238 1194 2303 illa
1214 2261 1287 2301 vere
1305 2260 1367 2322 pu·

411 2336 485 2402 dica
499 2335 633 2401 dicenda
648 2349 707 2416 est,
720 2337 772 2401 cui
789 2336 878 2401 licuit
899 2361 1039 2424 peccare,
1056 2339 1109 2403 sed
1131 2340 1245 2405 noluit.
1289 2340 1368 2405 Pul·

410 2439 491 2506 chra
504 2441 570 2503 cito
584 2439 764 2516 adamatur,
779 2439 866 2504 foeda
881 2440 1028 2504 facillime
1048 2442 1251 2528 concupiscit.
1298 2443 1368 2506 Dif-

413 2542 500 2609 licile
520 2542 702 2607 custoditur
725 2545 812 2629 quod
836 2542 942 2628 plures
961 2557 1078 2608 amant.
1123 2544 1296 2609 Molestum
1318 2560 1366 2609 est

412 2642 587 2730 possidere,
596 2641 684 2728 quod
699 2664 790 2705 nemo
803 2642 917 2704 habere
929 2640 1090 2726 dignetur.
1125 2641 1250 2705 Minore
1262 2654 1366 2706 tamen

413 2745 540 2810 miseria
569 2743 720 2807 deformis
747 2742 895 2822 habetur,
920 2763 1016 2827 quam
1044 2741 1183 2806 formosa
1212 2757 1365 2809 servatur.

414 2847 504 2912 Nihil
522 2859 629 2911 tutum
644 2858 703 2924 est,
719 2845 750 2908 in
766 2868 833 2931 quo
855 2845 954 2909 totius
974 2843 1084 2930 populi
1100 2857 1174 2909 vota
1196 2844 1366 2929 suspirant,

412 2948 496 3014 alins
517 2948 629 3023 forma,
645 2945 726 3011 alins
747 2945 877 3024 facetiis,
899 2944 979 3009 alius
999 2943 1135 3030 ingenio,
1150 2944 1232 3008 alius
1253 2943 1367 3007 libera-

412 3049 503 3115 litate
518 3047 678 3113 sollicitat.
723 3048 843 3133 Aliquo
857 3045 953 3109 modo
968 3059 1184 3131 expugnatur,
1200 3045 1288 3132 quod
1310 3069 1368 3109 un-

412 3152 511 3239 dique
536 3150 713 3215 incessitur.
765 3147 859 3226 Quod
891 3148 915 3211 si
946 3161 1078 3234 propter
1100 3146 1367 3232 dispensationem

411 3253 540 3328 domus,
555 3265 587 3316 et
605 3250 766 3336 languoris
789 3249 911 3328 solatia,
926 3263 957 3313 et
976 3251 1085 3335 sugam
1108 3247 1287 3313 solitudinis
1307 3249 1366 3312 du·

411 3372 532 3420 cuntur
554 3375 682 3430 uxores,
703 3353 806 3417 multo
826 3352 939 3415 melius
961 3352 1121 3436 dispensat
1139 3373 1249 3414 servus
1264 3349 1366 3415 fidelis

410 3456 564 3524 obediens
577 3455 760 3520 auctoritati
776 3453 908 3531 domini,
923 3469 952 3518 et
977 3453 1203 3539 dispensationi
1222 3453 1292 3539 ejus
1310 3452 1366 3515 ob-

410 3574 604 3644 temperans,
616 3580 711 3643 quam
725 3579 818 3636 uxor,
827 3580 902 3643 quae
914 3559 946 3619 in
958 3580 995 3619 eo
1007 3579 1039 3619 se
1051 3558 1189 3620 aestimat
1205 3554 1365 3618 dominam

411 3662 437 3727 si
450 3661 603 3726 adversus
614 3660 673 3723 viri
684 3661 793 3724 lecerit
807 3659 1017 3733 voluntatem,
1029 3658 1061 3722 id
1075 3671 1135 3736 est,
1148 3657 1233 3744 quod
1251 3657 1367 3743 placet,

412 3786 475 3828 non
491 3762 736 3849 quodjubetur.
781 3759 928 3825 Assidere
948 3772 1054 3823 autem
1076 3759 1244 3844 aegrotanti
1266 3759 1367 3844 magis

411 3879 546 3953 possunt
568 3863 673 3941 amici,
695 3876 727 3927 et
750 3861 891 3927 vernulae
917 3861 1076 3926 beneficiis
1102 3861 1246 3947 obligati,
1269 3882 1365 3947 quam

410 3966 478 4044 illa,
493 3989 567 4051 quae
583 3964 674 4028 nobis
689 3965 827 4050 imputet
843 3962 1022 4049 lachrymas
1039 3987 1122 4043 suas,
1133 3978 1165 4027 et
1181 3963 1368 4027 hereditatis

411 4091 478 4133 suae
509 4090 565 4155 spe
597 4065 712 4130 vendat
738 4064 892 4141 illuviem,
919 4079 951 4128 et
977 4063 1207 4128 solicitudinem
1230 4065 1368 4147 jactans,

413 4168 594 4256 lauguentis
612 4167 751 4231 animum
767 4167 986 4252 desperatione
1001 4165 1180 4230 conturbet.
1226 4162 1319 4238 Quod
1341 4161 1367 4223 si

415 4270 586 4355 languerit,
611 4267 869 4354 coaegrotandum
898 4282 955 4341 est,
983 4278 1012 4328 et
1039 4287 1201 4349 nunquam
1229 4262 1271 4325 ab
1299 4264 1369 4347 ejus

414 4372 532 4437 lectulo
559 4369 781 4445 recedendum,
808 4383 861 4431 aut
896 4369 920 4430 si
951 4368 1035 4430 bona
1064 4365 1174 4441 suerit,
1200 4376 1231 4425 ct
1262 4363 1367 4426 suavis
