3550 5467
305 726 505 806 cae.xx1x.]
655 745 907 794 rouucnaucus.
1219 743 1259 800 77

306 937 388 1022 Cap.
403 943 459 1002 29.
486 939 580 1013 Quod
591 945 781 1023 promerito
799 945 965 1024 principis
968 945 1140 1025 srrrntutnr
1161 967 1262 1028 popu·

349 1042 411 1119 las,
436 1050 468 1104 et
494 1062 538 1103 en
562 1046 677 1105 merito
701 1046 828 1122 populi,
844 1046 1019 1122 formatur
1040 1048 1264 1130 principatus,

351 1143 485 1227 Deoque
503 1144 637 1225 placido
658 1152 812 1207 creatura
835 1145 986 1227 qualibet
1007 1152 1213 1228 mansuescit,
1231 1157 1264 1213 ct

351 1247 453 1307 seruit
469 1246 607 1308 homini.

355 1379 431 1442 Hac
454 1380 610 1462 Apuleius
632 1381 793 1463 eleganter
815 1382 945 1465 quidem
969 1397 1002 1447 et
1023 1384 1209 1469 splendide:
1233 1397 1266 1450 et

308 1480 433 1546 utinam
449 1482 607 1546 audiatur.
644 1484 680 1548 Si
696 1484 781 1547 enim
798 1484 830 1545 in
847 1485 1012 1569 suiipsius
1027 1488 1115 1549 cultu
1131 1488 1266 1572 quisque

310 1584 444 1659 laboret,
467 1594 500 1648 et
523 1605 595 1667 quae
618 1585 777 1649 exteriora
800 1596 885 1663 sunt,
900 1599 1026 1670 reputet
1048 1588 1170 1651 aliena:
1193 1611 1266 1672 pro·

310 1685 397 1748 tecto
425 1686 564 1769 optimus
593 1688 652 1751 erit
684 1698 784 1751 status
819 1687 1016 1768 singulorum
1047 1701 1079 1751 et
1112 1690 1264 1769 omnium,

310 1787 496 1873 vigebitque
520 1790 627 1868 virtus,
642 1802 675 1853 et
692 1790 772 1853 ratio
795 1789 992 1873 praevalebit,
1007 1803 1159 1873 regnante
1175 1791 1267 1854 undi-

312 1911 375 1974 que
398 1900 508 1953 mutua
529 1892 670 1969 caritate,
693 1903 728 1954 ut
753 1892 795 1954 sit
816 1912 891 1954 caro
911 1891 1057 1974 subjecta
1078 1892 1213 1975 spiritui,
1237 1905 1269 1957 et

313 1989 444 2075 spiritus
458 1993 555 2075 plena
570 1991 740 2056 devotione
757 1992 902 2056 Domino
923 1992 1101 2056 famuletur.
1145 1994 1225 2066 Qua
1242 1995 1269 2058 si

313 2093 541 2177 processerint,
562 2115 623 2158 nec
647 2104 772 2156 tumore
796 2093 912 2176 capitis
935 2094 1150 2157 onerabuntur
1171 2115 1268 2158 mem·

313 2195 383 2272 bra,
393 2215 454 2257 nec
466 2193 673 2258 destitutione
690 2196 914 2266 membrorum,
930 2205 985 2257 aut
999 2195 1127 2278 ignavia
1139 2197 1269 2279 langue-

314 2294 365 2358 bit
380 2306 488 2379 caput.
533 2298 600 2360 Ista
623 2296 779 2380 siquidem
803 2317 822 2358 a
843 2297 970 2378 peccati
992 2297 1175 2361 infirmitate
1199 2320 1270 2382 pro·

316 2396 461 2460 veniunt.
506 2397 592 2461 Nam
614 2409 646 2461 et
664 2398 847 2461 inferiorum
870 2396 998 2476 delicta,
1011 2400 1133 2462 bonum
1152 2401 1271 2483 princi·

316 2519 393 2582 pem
408 2497 621 2576 demerentur,
635 2510 667 2562 et
682 2510 815 2582 peccata
830 2499 1030 2582 superiorum
1045 2501 1182 2564 subditis
1197 2512 1272 2565 suut

319 2599 448 2664 occasio
459 2612 491 2663 et
501 2601 674 2665 auctoritas
686 2600 905 2685 delinquendi.
938 2599 1034 2663 Unde
1045 2600 1142 2664 illud:
1167 2603 1271 2667 Omne

318 2713 417 2785 caput
446 2703 644 2785 languidum,
674 2715 706 2767 et
735 2724 829 2766 omne
859 2723 915 2766 cor
944 2722 1093 2779 moerens,
1118 2723 1138 2765 a
1162 2704 1274 2785 planta

319 2801 411 2886 pedis
426 2823 526 2884 usque
545 2802 585 2865 ad
602 2802 749 2865 verticem
766 2801 882 2885 capitis
896 2821 961 2863 non
977 2801 1073 2863 estin
1089 2823 1128 2864 eo
1144 2802 1274 2881 sanitas,

320 2904 521 2967 Mansuescit
541 2905 649 2987 itaque
672 2905 823 2987 princeps
844 2905 886 2966 ab
906 2902 1089 2965 innocentia
1104 2903 1227 2986 populi,
1242 2913 1275 2967 et

321 3006 490 3088 populares
527 3015 633 3068 motus
669 3006 813 3090 reprimit
851 3003 1037 3095 innocentia
1074 3004 1273 3088 principalis.

321 3105 456 3170 Placido
478 3128 616 3190 namque
641 3108 725 3183 Deo,
748 3107 853 3169 omnis
878 3115 1021 3170 creatura
1044 3105 1131 3168 mitis
1160 3116 1220 3182 est,
1244 3117 1279 3169 et

322 3207 418 3270 servit
431 3207 564 3285 homini,
579 3217 611 3272 et
627 3229 665 3271 eo
679 3206 881 3289 indignante,
896 3207 1000 3269 omnis
1015 3218 1160 3269 creatura
1174 3227 1275 3270 arma·

323 3308 423 3371 turin
438 3308 591 3372 ultionem
608 3309 688 3392 ejus.
734 3309 856 3373 Corvus
879 3307 1008 3371 Heliam
1031 3309 1128 3390 pavit.
1174 3308 1276 3372 Ursus

323 3410 508 3474 famulatum
531 3409 690 3494 impendit
711 3411 886 3494 prophetas.
934 3410 982 3473 Ut
1003 3418 1115 3494 parcet
1137 3409 1277 3487 Danieli,

323 3512 518 3575 ferocitatem
540 3524 661 3575 naturae
684 3511 821 3575 dediscit
843 3513 906 3586 leo,
926 3519 959 3573 et
981 3511 1150 3575 collectam
1171 3511 1277 3576 nescit

323 3614 470 3677 esuriem.
517 3614 617 3678 Unda
645 3614 740 3677 siccis
768 3614 927 3697 justorum
958 3613 1101 3676 calcatur
1128 3613 1279 3697 pedibus,

323 3713 484 3778 Adversus
501 3735 617 3797 pueros
631 3700 805 3778 succensus
820 3714 904 3796 ignis
918 3713 952 3775 in
967 3714 1096 3777 fornace
1114 3734 1181 3777 uon
1204 3736 1277 3799 pro·

322 3811 400 3878 licit.
445 3814 496 3878 Ad
520 3827 627 3879 votum
650 3815 737 3892 fidei,
757 3836 812 3877 aer
833 3815 960 3891 imbres,
980 3824 1013 3877 et
1034 3826 1116 3878 terra
1141 3816 1276 3881 fructum

324 3931 429 4005 negat,
443 3928 476 3981 et
490 3920 607 3982 coelum
624 3918 729 4001 ipsum
744 3917 780 3979 in
795 3917 913 3999 impios
928 3916 1048 3979 evomit
1064 3917 1155 3996 ignes
1170 3940 1256 3982 suos.

370 4138 452 4222 Cap.
469 4141 521 4200 30.
546 4136 658 4200 Meris
671 4137 815 4216 epilogus
828 4135 981 4197 ‹rdocrsus
998 4135 1230 4197 Gnathonicos.

371 4273 553 4337 Carnunti
568 4270 644 4334 dum
660 4270 721 4333 ista
734 4270 967 4353 prosequimur,
982 4267 1077 4329 nobis
1091 4262 1281 4326 insidiantur

328 4373 539 4448 Gnathonici,
570 4385 604 4434 ut
640 4372 673 4433 in
711 4370 865 4432 invidiam
900 4367 1051 4441 felicium,
1081 4382 1281 4446 quacunque
