3550 5467
406 706 480 753 cer.
498 689 581 769 xm]
781 707 1034 753 ronvcnlrrcus
1317 698 1379 754 273

408 861 543 947 proprie
560 858 680 933 virtus,
697 858 851 945 pudicitia
872 872 930 923 est.
970 859 1187 944 Hieronymus
1207 859 1296 923 testis
1316 874 1375 937 est,

409 961 501 1046 quod
519 977 697 1047 antequam
718 960 828 1046 religio
844 962 1027 1025 Christiane
1042 961 1180 1046 fulgeret
1196 961 1226 1024 in
1243 962 1374 1035 mundo,
1427 998 1430 1003 <

410 1061 572 1127 unicubas
595 1084 720 1148 semper
736 1061 881 1126 habuisse
900 1062 984 1125 inter
1004 1075 1163 1125 matronas
1178 1063 1290 1128 decus:
1318 1083 1376 1148 per

409 1162 485 1228 illas
508 1164 668 1228 Fortunae
693 1162 840 1226 muliebri
864 1185 952 1226 sacra
977 1163 1046 1226 fieri
1069 1162 1216 1227 solitum:
1248 1161 1371 1225 nullum

410 1265 613 1332 sacerdotem
642 1265 819 1350 bigamum,
842 1265 966 1329 nullum
992 1264 1148 1329 flaminem
1177 1265 1371 1329 bimaritum.

412 1369 658 1456 Hierophantes
673 1390 803 1454 quoque
813 1367 1052 1432 Atheniensium
1067 1366 1245 1430 diutissime
1259 1368 1373 1432 cicutae

411 1469 591 1535 sorbitione
600 1470 743 1549 castrari,
752 1483 784 1534 et
796 1483 964 1555 postquam
975 1469 1007 1532 in
1022 1468 1242 1553 pontificatum
1255 1468 1372 1532 fuerint

411 1569 535 1648 enecti,
565 1571 651 1635 viros
679 1594 746 1634 esse
775 1570 928 1634 desinere.
969 1572 1007 1633 ln
1037 1570 1225 1634 immensum
1256 1575 1373 1656 pagina

411 1672 638 1758 protendetur,
662 1673 687 1736 si
714 1696 751 1736 ea
778 1672 1003 1757 perstrinxere,
1030 1695 1102 1757 quae
1132 1671 1163 1735 in
1194 1673 1254 1737 hac
1281 1688 1372 1757 parte

412 1773 541 1858 tragici,
557 1787 711 1851 oratores,
729 1772 850 1849 comici,
867 1772 1007 1858 satyrici,
1024 1784 1138 1858 poetes,
1155 1785 1191 1837 ut
1212 1772 1252 1835 de
1269 1772 1371 1859 philo-

412 1876 536 1963 sophis,
551 1875 675 1952 ethicis,
691 1888 722 1939 et
739 1874 893 1958 theologis
908 1890 1040 1949 taceam,
1056 1873 1276 1958 prodiderunt.
1309 1875 1369 1940 Sed

413 1995 521 2044 tumen
537 2002 593 2043 nec
608 2001 717 2043 omnes
727 1979 805 2042 istos
820 1978 958 2042 arbitror
973 1976 1131 2042 suffecisse
1146 1976 1186 2040 nd
1203 1977 1295 2058 hanc,
1307 2002 1368 2042 non

413 2081 488 2145 dico
512 2081 663 2147 malitiam
686 2080 863 2156 delendam,
887 2093 943 2144 aut
968 2078 1211 2165 reprimendam,
1235 2080 1287 2143 sed
1313 2104 1369 2145 nec

414 2181 456 2245 ed
472 2181 704 2268 exponendam.
751 2181 784 2243 Si
799 2179 911 2244 dixero
931 2181 1015 2265 qnod
1033 2180 1126 2245 multi
1147 2195 1220 2246 sunt
1234 2183 1368 2268 experti,

414 2284 493 2369 quie

521 2399 548 2450 N
550 2418 580 2454 eo
590 2399 689 2465 melior,
700 2401 810 2472 pedibus
821 2399 921 2453 silicem
932 2418 989 2468 quae
1000 2403 1114 2454 concutit
1124 2408 1218 2466 nuum,

521 2484 609 2547 Quem
621 2503 679 2555 quae
690 2503 821 2538 servorum
832 2486 933 2538 vehitur
944 2488 1041 2539 cervice
1053 2504 1167 2550 suorum,

414 2591 474 2655 hoc
494 2591 527 2655 in
547 2588 695 2671 injuriam
715 2589 884 2653 mulierum
905 2589 1037 2667 dictum,
1057 2589 1178 2652 malitia
1196 2587 1368 2652 calumnia·

415 2692 515 2757 bitur.
547 2691 635 2756 Nihil
646 2691 729 2755 enim
742 2691 865 2766 melius,
877 2689 955 2754 nihil
974 2688 1083 2752 utilius
1095 2688 1225 2751 muliere
1240 2689 1368 2772 pudica,

414 2793 493 2860 nihil
509 2815 619 2857 eorum
636 2815 710 2879 quae
726 2805 857 2876 possunt
870 2789 1040 2872 excogitari
1052 2787 1226 2873 jocundius
1242 2788 1301 2868 his,
1312 2789 1367 2873 qui

413 2894 576 2959 continere
598 2916 659 2957 non
683 2905 827 2979 possunt,
850 2905 907 2956 aut
931 2890 1053 2955 nolunt.
1100 2889 1161 2952 Sed
1185 2888 1368 2974 desipientis

413 3009 462 3060 est
491 2996 533 3060 rb
564 2995 613 3059 his
642 2995 769 3059 laudem
800 3007 953 3080 spectare,
985 3016 1059 3078 quae
1094 2991 1217 3054 veniam
1249 2994 1368 3055 rectius

415 3111 589 3175 merentur,
604 3120 699 3183 quam
718 3097 863 3184 gloriam,
879 3096 905 3160 si
921 3113 1025 3161 tamen
1045 3093 1269 3159 moderationis
1284 3097 1368 3158 bono

412 3199 535 3264 fuerint
561 3212 744 3285 temperata,
790 3196 947 3284 Alioquin
972 3219 1032 3259 non
1057 3195 1158 3273 venia,
1181 3194 1234 3257 sed
1262 3217 1367 3280 poenn,

413 3300 470 3366 sed
501 3299 683 3386 ignominia,
709 3301 881 3384 utriusque
912 3297 1051 3361 libidinis
1081 3295 1236 3361 maculam
1264 3318 1369 3380 prose-

413 3418 550 3491 quetur:
574 3401 633 3466 nisi
644 3402 727 3465 forte
738 3401 872 3465 decorus
887 3399 1050 3464 habendus
1062 3401 1111 3479 sit,
1122 3401 1180 3484 qui
1194 3398 1226 3461 in
1243 3399 1368 3464 hircum

413 3504 659 3569 transformatur
673 3515 729 3566 eut
746 3524 844 3565 suem.

414 3754 493 3835 Cep.
512 3755 562 3816 12.
588 3751 681 3824 Quod
698 3749 802 3812 brutis
821 3755 851 3811 et
871 3748 1105 3811 insensibilibus
1123 3749 1255 3831 quidam
1270 3768 1368 3830 appe-

456 3861 533 3917 tunt
545 3853 757 3934 conformari:
780 3861 810 3914 et
825 3856 951 3933 qeranta
966 3851 1170 3913 humanitate
1184 3871 1256 3912 cnm
1271 3852 1369 3912 seruis

455 3953 627 4019 vivendum
652 3956 714 4015 sit.-
748 3959 778 4014 et
804 3953 843 4013 dc
868 3953 968 4013 trium
995 3954 1186 4032 reliquorum
1217 3970 1367 4012 sensuum

456 4059 634 4137 voluptate.

459 4212 569 4278 Num
596 4213 709 4295 utique
733 4207 943 4272 animantium
972 4205 1078 4290 generi
1104 4205 1220 4268 rectius
1243 4202 1366 4265 confor-

418 4328 550 4388 mantur,
575 4315 635 4397 qui
661 4331 819 4375 summum
845 4308 965 4370 bonum
994 4309 1080 4380 vitae,
1104 4306 1134 4368 iu
1159 4302 1309 4388 gustandi
1335 4317 1366 4369 et

454 4435 523 4481 ΥΟΕ.
541 4435 586 4480 1v.
882 4430 902 4473 Τ
