3550 5467
406 754 479 802 oar.
495 739 594 818 xiia]
770 756 1021 802 rotrcaarrcus.
1309 747 1367 807 loa

405 909 586 985 veritatem,
612 909 676 971 nisi
700 909 818 971 femore
844 910 959 972 amoris
983 911 1203 991 temporalium
1229 935 1363 978 marces·

405 1021 513 1087 cente,
536 1030 577 1072 eo
601 1030 683 1072 verae
706 1010 828 1072 virtutis
850 1010 972 1073 aditum
998 1009 1039 1074 de
1061 1012 1283 1078 benedictione
1306 1037 1362 1079 an·

405 1111 509 1192 gelica
534 1110 662 1174 facilius
687 1129 932 1192 consequamur,
954 1132 1018 1194 quo
1044 1113 1147 1194 magis
1171 1125 1360 1179 aeternorum

404 1232 511 1274 amore
523 1212 676 1289 excitato,
688 1211 722 1272 in
738 1210 883 1294 appetitu
896 1212 1118 1294 temporalium
1130 1214 1359 1279 claudicamus.

405 1312 455 1374 Eo
471 1312 561 1375 enim
575 1313 664 1375 lucta
683 1310 745 1374 ista
759 1309 918 1394 perducit,
933 1324 968 1375 ut
984 1313 1208 1396 triumphantis
1222 1316 1361 1380 hominis

404 1412 600 1487 testimonio,
616 1413 706 1475 Deus
720 1411 800 1494 ipse,
814 1413 870 1495 qui
885 1434 1008 1477 summa
1023 1415 1135 1477 veritas
1150 1426 1207 1492 est,
1223 1417 1303 1480 secie
1317 1419 1360 1481 ad

405 1513 519 1577 faciem
546 1513 698 1577 videatur.
745 1512 910 1597 Quicquid
934 1515 1019 1577 enim
1044 1515 1121 1577 boni
1147 1516 1180 1577 in
1208 1515 1282 1593 fide,
1307 1533 1361 1582 aut

405 1615 561 1697 operibus
575 1625 719 1698 apparet,
732 1615 838 1695 imago
854 1614 1003 1696 quaedam
1024 1615 1156 1679 visionis
1171 1616 1288 1681 divinae
1303 1630 1361 1682 est.

406 1713 451 1776 Et
472 1725 560 1777 recte
583 1733 695 1776 aurora
721 1712 790 1775 sine
813 1709 1039 1775 benedictione
1064 1734 1130 1777 non
1152 1715 1284 1797 expedit
1305 1739 1360 1780 an-

405 1816 522 1897 gelum,
537 1815 614 1900 quia
632 1814 747 1877 notitia
767 1814 907 1877 veritatis
926 1813 994 1877 sine
1016 1815 1117 1896 gratia
1135 1816 1229 1880 bonae
1249 1839 1359 1902 opera·

405 1915 515 1994 tionis,
535 1937 625 1980 saum
647 1916 853 1980 eonscientiae
876 1937 941 1978 non
961 1917 1060 1980 habet
1079 1917 1224 1980 fructum.
1263 1921 1360 1985 Porro
1403 1945 1407 1955 ·

405 2016 446 2079 ad
457 2016 600 2080 studium
616 2014 792 2100 quaerendi,
802 2037 869 2079 non
880 2015 978 2078 modo
990 2017 1184 2091 domesticis,
1194 2017 1357 2085 sedetiam

404 2116 567 2179 extraneis
575 2116 754 2178 animamur
762 2115 930 2198 exemplis.
957 2118 1040 2180 Nam
1050 2117 1158 2196 Solon,
1169 2120 1225 2202 qui
1234 2141 1358 2184 summo

405 2216 573 2299 sapientia
600 2215 721 2278 fervore
750 2236 875 2298 semper
900 2216 1095 2298 flagraverat,
1119 2238 1267 2300 supremo
1294 2220 1356 2293 die,

405 2317 621 2381 assidentibus
635 2317 747 2380 amicis
758 2330 790 2380 et
803 2318 1049 2394 conferentibus,
1058 2318 1127 2401 jam
1142 2319 1205 2383 sere
1221 2342 1358 2385 mersum
1435 2315 1439 2322 ¹

405 2421 475 2483 fatis
498 2430 597 2502 caput
619 2419 733 2497 erexit,
754 2421 1030 2505 interrogatusque
1052 2441 1110 2484 cur
1134 2423 1196 2484 hoc
1222 2422 1360 2500 fecisset,

405 2520 581 2604 respondit,
596 2534 745 2604 utquam
761 2520 848 2584 istud
864 2521 1019 2605 quicquid
1039 2531 1098 2598 est,
1113 2521 1152 2584 de
1168 2544 1232 2604 quo
1247 2523 1357 2607 dispu-

404 2623 488 2700 tatis,
503 2643 687 2706 percepero,
700 2623 825 2686 moriar.
856 2625 1028 2705 Migrasset
1044 2623 1185 2704 profecto
1197 2645 1239 2686 ex
1254 2624 1357 2688 bomi-

404 2724 501 2787 nibus
520 2723 645 2797 inertia,
669 2724 695 2785 si
715 2745 754 2785 eo
774 2725 881 2786 animo
906 2724 1004 2785 vitam
1024 2721 1276 2802 ingrederentur,
1295 2747 1358 2807 quo

405 2846 476 2887 eam
507 2823 607 2886 Solon
635 2845 779 2905 egressus
809 2837 868 2889 est.
919 2821 1100 2888 Carneades
1124 2822 1303 2887 laboriosus
1328 2836 1360 2887 et

405 2925 576 2990 diuturnus
604 2926 769 3010 sapientia
798 2927 902 3006 miles,
929 2927 963 2988 in
1000 2924 1104 2988 studio
1137 2945 1180 2988 xc
1217 2926 1359 3008 explevit

405 3048 521 3090 annos:
553 3027 583 3090 ei
606 3027 765 3110 siquidem
786 3028 874 3090 idem
900 3023 1027 3088 vivendi
1052 3036 1084 3088 et
1107 3025 1357 3108 philosophandi

405 3125 479 3189 linis
493 3127 562 3189 suit
596 3125 676 3190 Cato
692 3127 922 3207 octogesimum
934 3137 966 3187 et
977 3135 1104 3186 sextum
1116 3145 1214 3204 agens
1229 3146 1358 3203 annum,

406 3228 515 3290 animo
536 3235 642 3290 tamen
659 3226 808 3309 juvenili,
830 3225 914 3288 virili
935 3224 1058 3300 robore,
1080 3225 1231 3305 gravitate
1254 3227 1358 3305 senili,

407 3327 443 3390 in
462 3328 625 3411 republica
642 3348 751 3408 agens,
769 3336 804 3387 ut
826 3346 885 3388 nec
906 3324 1090 3387 memoriam
1107 3323 1285 3404 tardiorem,
1304 3340 1360 3389 aut

409 3431 539 3492 laterum
550 3429 838 3504 infirmitatem,aut
846 3438 1029 3511 quassatam
1037 3431 1360 3506 eamem,etmembra

409 3528 578 3612 torpentia,
591 3537 647 3591 aut
660 3529 802 3608 linguam
824 3525 1009 3610 impeditam
1028 3528 1195 3611 quisquam
1216 3529 1359 3594 animad-

409 3639 551 3693 verteret.
578 3627 1359 3714 Graecisetiamliterisappetiviterudiri,quisero,

409 3744 441 3794 et
463 3730 528 3793 sere
552 3751 663 3807 senex,
679 3729 811 3792 Latinas
826 3728 950 3793 didicit.
996 3731 1102 3802 Quum
1119 3752 1193 3795 vero
1215 3732 1276 3795 sibi
1292 3736 1357 3796 elo·

408 3831 550 3915 quentiae
566 3831 698 3911 gloriam
715 3843 940 3913 comparasset,
950 3831 984 3893 id
999 3831 1074 3912 egit,
1088 3832 1213 3914 utjuris
1228 3856 1357 3918 quoque

408 3931 512 3995 civilis
526 3931 737 4013 peritissimus
757 3932 935 3995 haberetur.
973 3931 1054 4013 Ejus
1069 3953 1142 3995 vero
1157 3935 1261 4015 proles
1276 3935 1360 3997 miri-

407 4032 481 4109 fica,
495 4041 527 4094 et
544 4042 633 4115 patre
650 4032 773 4095 Catone
797 4032 904 4114 digua,
919 4031 1000 4094 adeo
1018 4032 1172 4096 doctrinm
1187 4032 1360 4116 cupiditate

410 4133 565 4216 flagravit,
574 4144 658 4196 utne
669 4135 702 4195 in
716 4134 803 4196 curia
812 4134 954 4218 quidem,
965 4155 1029 4215 qua
1039 4144 1168 4196 senatus
1177 4135 1361 4212 cogebatur,

410 4245 600 4315 temperaret
619 4233 691 4309 sibi,
712 4254 775 4315 quo
796 4234 902 4296 minus
922 4231 1055 4295 Graecos
1075 4233 1174 4293 libros
1195 4231 1361 4294 lectitaret.

411 4334 485 4405 Qua
500 4333 630 4417 quidem
649 4332 807 4396 industria
828 4333 971 4396 ostendit
992 4333 1061 4394 aliis
1085 4345 1226 4411 tempora
1248 4326 1365 4409 deesse,
