<?xml version="1.0" encoding="UTF-8"?>
<!DOCTYPE html PUBLIC "-//W3C//DTD XHTML 1.0 Transitional//EN"
    "http://www.w3.org/TR/xhtml1/DTD/xhtml1-transitional.dtd">
<html xmlns="http://www.w3.org/1999/xhtml" xml:lang="en" lang="en">
 <head>
  <title>
</title>
<meta http-equiv="Content-Type" content="text/html;charset=utf-8" />
  <meta name='ocr-system' content='tesseract 3.04.00' />
  <meta name='ocr-capabilities' content='ocr_page ocr_carea ocr_par ocr_line ocrx_word'/>
</head>
<body>
  <div class='ocr_page' id='page_1' title='image "./joannissaresber17johngoog_0142.png"; bbox 0 0 3550 5467; ppageno 0'>
   <div class='ocr_carea' id='block_1_1' title="bbox 421 730 1367 810">
    <p class='ocr_par' dir='ltr' id='par_1_1' title="bbox 421 730 1367 810">
     <span class='ocr_line' id='line_1_1' title="bbox 421 730 1367 810; baseline -0.006 -11"><span class='ocrx_word' id='word_1_1' title='bbox 421 742 480 799; x_wconf 77' lang='lat' dir='ltr'><strong>tae</strong></span> <span class='ocrx_word' id='word_1_2' title='bbox 665 751 800 798; x_wconf 73' lang='lat' dir='ltr'><strong>JoaNNts</strong></span> <span class='ocrx_word' id='word_1_3' title='bbox 816 749 1096 795; x_wconf 75' lang='lat' dir='ltr'><strong>saussaaararrsm</strong></span> <span class='ocrx_word' id='word_1_4' title='bbox 1212 730 1296 810; x_wconf 85' lang='lat' dir='ltr'><strong>[arn.</strong></span> <span class='ocrx_word' id='word_1_5' title='bbox 1311 749 1367 794; x_wconf 84' lang='grc' dir='ltr'><strong>ιιι.</strong></span> 
     </span>
    </p>
   </div>
   <div class='ocr_carea' id='block_1_2' title="bbox 416 900 1379 3898">
    <p class='ocr_par' dir='ltr' id='par_1_2' title="bbox 416 900 1379 3898">
     <span class='ocr_line' id='line_1_2' title="bbox 420 900 1367 987; baseline -0.007 -19"><span class='ocrx_word' id='word_1_6' title='bbox 420 904 557 968; x_wconf 89' lang='lat' dir='ltr'><strong>sacrario</strong></span> <span class='ocrx_word' id='word_1_7' title='bbox 581 904 792 987; x_wconf 70' lang='lat' dir='ltr'><strong>philosophie</strong></span> <span class='ocrx_word' id='word_1_8' title='bbox 821 903 984 977; x_wconf 83' lang='lat' dir='ltr'><strong>exclusus,</strong></span> <span class='ocrx_word' id='word_1_9' title='bbox 1005 902 1046 963; x_wconf 92' lang='lat' dir='ltr'><strong>ab</strong></span> <span class='ocrx_word' id='word_1_10' title='bbox 1069 901 1285 983; x_wconf 76' lang='lat' dir='ltr'><strong>intelligentia</strong></span> <span class='ocrx_word' id='word_1_11' title='bbox 1308 900 1367 961; x_wconf 87' lang='lat' dir='ltr'><strong>reri</strong></span> 
     </span>
     <span class='ocr_line' id='line_1_3' title="bbox 419 1000 1368 1083; baseline -0.007 -15"><span class='ocrx_word' id='word_1_12' title='bbox 419 1007 543 1068; x_wconf 88' lang='lat' dir='ltr'><strong>alienus</strong></span> <span class='ocrx_word' id='word_1_13' title='bbox 557 1017 657 1068; x_wconf 87' lang='lat' dir='ltr'><strong>extat.</strong></span> <span class='ocrx_word' id='word_1_14' title='bbox 703 1000 787 1067; x_wconf 90' lang='lat' dir='ltr'><strong>Nam</strong></span> <span class='ocrx_word' id='word_1_15' title='bbox 802 1015 835 1066; x_wconf 93' lang='lat' dir='ltr'><strong>et</strong></span> <span class='ocrx_word' id='word_1_16' title='bbox 851 1000 1039 1074; x_wconf 85' lang='lat' dir='ltr'><strong>Sodomitae,</strong></span> <span class='ocrx_word' id='word_1_17' title='bbox 1061 1000 1141 1064; x_wconf 88' lang='lat' dir='ltr'><strong>dum</strong></span> <span class='ocrx_word' id='word_1_18' title='bbox 1156 1003 1290 1083; x_wconf 78' lang='lat' dir='ltr'><strong>angelos</strong></span> <span class='ocrx_word' id='word_1_19' title='bbox 1304 1020 1368 1064; x_wconf 90' lang='lat' dir='ltr'><strong>cor·</strong></span> 
     </span>
     <span class='ocr_line' id='line_1_4' title="bbox 421 1099 1368 1187; baseline -0.004 -20"><span class='ocrx_word' id='word_1_20' title='bbox 421 1117 563 1187; x_wconf 89' lang='lat' dir='ltr'><strong>reptores</strong></span> <span class='ocrx_word' id='word_1_21' title='bbox 592 1106 729 1177; x_wconf 73' lang='lat' dir='ltr'><strong>malitiae,</strong></span> <span class='ocrx_word' id='word_1_22' title='bbox 751 1116 783 1167; x_wconf 89' lang='lat' dir='ltr'><strong>et</strong></span> <span class='ocrx_word' id='word_1_23' title='bbox 806 1105 864 1166; x_wconf 88' lang='lat' dir='ltr'><strong>viri</strong></span> <span class='ocrx_word' id='word_1_24' title='bbox 887 1103 968 1186; x_wconf 88' lang='lat' dir='ltr'><strong>justi</strong></span> <span class='ocrx_word' id='word_1_25' title='bbox 995 1099 1140 1185; x_wconf 77' lang='lat' dir='ltr'><strong>hospites</strong></span> <span class='ocrx_word' id='word_1_26' title='bbox 1170 1123 1368 1184; x_wconf 86' lang='lat' dir='ltr'><strong>corrumpere</strong></span> 
     </span>
     <span class='ocr_line' id='line_1_5' title="bbox 420 1205 1367 1289; baseline -0.001 -22"><span class='ocrx_word' id='word_1_27' title='bbox 420 1209 596 1283; x_wconf 82' lang='lat' dir='ltr'><strong>voluerunt,</strong></span> <span class='ocrx_word' id='word_1_28' title='bbox 608 1208 750 1269; x_wconf 71' lang='lat' dir='ltr'><strong>caecitate</strong></span> <span class='ocrx_word' id='word_1_29' title='bbox 763 1206 906 1289; x_wconf 84' lang='lat' dir='ltr'><strong>percussi</strong></span> <span class='ocrx_word' id='word_1_30' title='bbox 917 1215 1006 1267; x_wconf 89' lang='lat' dir='ltr'><strong>sunt:</strong></span> <span class='ocrx_word' id='word_1_31' title='bbox 1018 1215 1051 1268; x_wconf 93' lang='lat' dir='ltr'><strong>et</strong></span> <span class='ocrx_word' id='word_1_32' title='bbox 1060 1205 1148 1268; x_wconf 90' lang='lat' dir='ltr'><strong>circa</strong></span> <span class='ocrx_word' id='word_1_33' title='bbox 1154 1205 1309 1288; x_wconf 81' lang='lat' dir='ltr'><strong>parietem</strong></span> <span class='ocrx_word' id='word_1_34' title='bbox 1316 1205 1367 1266; x_wconf 83' lang='lat' dir='ltr'><strong>ab</strong></span> 
     </span>
     <span class='ocr_line' id='line_1_6' title="bbox 420 1303 1369 1390; baseline -0.004 -20"><span class='ocrx_word' id='word_1_35' title='bbox 420 1320 569 1376; x_wconf 77' lang='lat' dir='ltr'><strong>errantes,</strong></span> <span class='ocrx_word' id='word_1_36' title='bbox 584 1306 747 1390; x_wconf 87' lang='lat' dir='ltr'><strong>palpando</strong></span> <span class='ocrx_word' id='word_1_37' title='bbox 757 1308 789 1369; x_wconf 93' lang='lat' dir='ltr'><strong>in</strong></span> <span class='ocrx_word' id='word_1_38' title='bbox 800 1305 932 1368; x_wconf 89' lang='lat' dir='ltr'><strong>meridie</strong></span> <span class='ocrx_word' id='word_1_39' title='bbox 942 1306 1057 1368; x_wconf 87' lang='lat' dir='ltr'><strong>crassis</strong></span> <span class='ocrx_word' id='word_1_40' title='bbox 1067 1306 1210 1369; x_wconf 86' lang='lat' dir='ltr'><strong>tenebris</strong></span> <span class='ocrx_word' id='word_1_41' title='bbox 1219 1303 1369 1382; x_wconf 84' lang='lat' dir='ltr'><strong>obvoluti,</strong></span> 
     </span>
     <span class='ocr_line' id='line_1_7' title="bbox 416 1403 1369 1489; baseline -0.004 -20"><span class='ocrx_word' id='word_1_42' title='bbox 416 1406 507 1488; x_wconf 87' lang='lat' dir='ltr'><strong>justo</strong></span> <span class='ocrx_word' id='word_1_43' title='bbox 530 1407 591 1468; x_wconf 92' lang='lat' dir='ltr'><strong>Dei</strong></span> <span class='ocrx_word' id='word_1_44' title='bbox 608 1406 732 1489; x_wconf 90' lang='lat' dir='ltr'><strong>judicio</strong></span> <span class='ocrx_word' id='word_1_45' title='bbox 755 1405 913 1468; x_wconf 80' lang='lat' dir='ltr'><strong>submersi</strong></span> <span class='ocrx_word' id='word_1_46' title='bbox 934 1413 1019 1468; x_wconf 87' lang='lat' dir='ltr'><strong>sunt.</strong></span> <span class='ocrx_word' id='word_1_47' title='bbox 1065 1403 1120 1467; x_wconf 90' lang='lat' dir='ltr'><strong>Sic</strong></span> <span class='ocrx_word' id='word_1_48' title='bbox 1143 1403 1222 1467; x_wconf 88' lang='lat' dir='ltr'><strong>dum</strong></span> <span class='ocrx_word' id='word_1_49' title='bbox 1243 1404 1317 1467; x_wconf 86' lang='lat' dir='ltr'><strong>elati</strong></span> <span class='ocrx_word' id='word_1_50' title='bbox 1339 1412 1369 1467; x_wconf 89' lang='lat' dir='ltr'><strong>et</strong></span> 
     </span>
     <span class='ocr_line' id='line_1_8' title="bbox 422 1504 1369 1589; baseline -0.003 -20"><span class='ocrx_word' id='word_1_51' title='bbox 422 1507 552 1588; x_wconf 87' lang='lat' dir='ltr'><strong>maligni</strong></span> <span class='ocrx_word' id='word_1_52' title='bbox 576 1507 723 1568; x_wconf 86' lang='lat' dir='ltr'><strong>oberrant</strong></span> <span class='ocrx_word' id='word_1_53' title='bbox 745 1504 786 1568; x_wconf 91' lang='lat' dir='ltr'><strong>ad</strong></span> <span class='ocrx_word' id='word_1_54' title='bbox 808 1505 962 1589; x_wconf 90' lang='lat' dir='ltr'><strong>parietem</strong></span> <span class='ocrx_word' id='word_1_55' title='bbox 985 1504 1224 1588; x_wconf 81' lang='lat' dir='ltr'><strong>scriptrnarum,</strong></span> <span class='ocrx_word' id='word_1_56' title='bbox 1246 1523 1369 1567; x_wconf 89' lang='lat' dir='ltr'><strong>sensum</strong></span> 
     </span>
     <span class='ocr_line' id='line_1_9' title="bbox 422 1605 1370 1692; baseline -0.003 -24"><span class='ocrx_word' id='word_1_57' title='bbox 422 1606 562 1684; x_wconf 87' lang='lat' dir='ltr'><strong>fidelem,</strong></span> <span class='ocrx_word' id='word_1_58' title='bbox 584 1607 638 1692; x_wconf 91' lang='lat' dir='ltr'><strong>qui</strong></span> <span class='ocrx_word' id='word_1_59' title='bbox 667 1608 701 1668; x_wconf 91' lang='lat' dir='ltr'><strong>in</strong></span> <span class='ocrx_word' id='word_1_60' title='bbox 723 1605 820 1669; x_wconf 93' lang='lat' dir='ltr'><strong>domo</strong></span> <span class='ocrx_word' id='word_1_61' title='bbox 843 1606 1011 1690; x_wconf 88' lang='lat' dir='ltr'><strong>simplicis,</strong></span> <span class='ocrx_word' id='word_1_62' title='bbox 1039 1626 1114 1668; x_wconf 89' lang='lat' dir='ltr'><strong>cum</strong></span> <span class='ocrx_word' id='word_1_63' title='bbox 1144 1625 1210 1687; x_wconf 89' lang='lat' dir='ltr'><strong>quo</strong></span> <span class='ocrx_word' id='word_1_64' title='bbox 1240 1614 1290 1666; x_wconf 86' lang='lat' dir='ltr'><strong>eat</strong></span> <span class='ocrx_word' id='word_1_65' title='bbox 1311 1624 1370 1666; x_wconf 85' lang='lat' dir='ltr'><strong>ser·</strong></span> 
     </span>
     <span class='ocr_line' id='line_1_10' title="bbox 423 1704 1370 1791; baseline -0.002 -22"><span class='ocrx_word' id='word_1_66' title='bbox 423 1708 596 1772; x_wconf 84' lang='lat' dir='ltr'><strong>mocinatio</strong></span> <span class='ocrx_word' id='word_1_67' title='bbox 617 1708 692 1782; x_wconf 89' lang='lat' dir='ltr'><strong>Dei,</strong></span> <span class='ocrx_word' id='word_1_68' title='bbox 710 1719 742 1770; x_wconf 93' lang='lat' dir='ltr'><strong>et</strong></span> <span class='ocrx_word' id='word_1_69' title='bbox 761 1708 816 1791; x_wconf 89' lang='lat' dir='ltr'><strong>qui</strong></span> <span class='ocrx_word' id='word_1_70' title='bbox 835 1715 1048 1789; x_wconf 83' lang='lat' dir='ltr'><strong>correptorem</strong></span> <span class='ocrx_word' id='word_1_71' title='bbox 1066 1705 1197 1768; x_wconf 70' lang='lat' dir='ltr'><strong>malitia</strong></span> <span class='ocrx_word' id='word_1_72' title='bbox 1218 1704 1305 1768; x_wconf 86' lang='lat' dir='ltr'><strong>videt</strong></span> <span class='ocrx_word' id='word_1_73' title='bbox 1317 1724 1370 1767; x_wconf 91' lang='lat' dir='ltr'><strong>an·</strong></span> 
     </span>
     <span class='ocr_line' id='line_1_11' title="bbox 424 1805 1371 1890; baseline -0.003 -19"><span class='ocrx_word' id='word_1_74' title='bbox 424 1810 541 1889; x_wconf 90' lang='lat' dir='ltr'><strong>gelum,</strong></span> <span class='ocrx_word' id='word_1_75' title='bbox 557 1830 623 1871; x_wconf 91' lang='lat' dir='ltr'><strong>non</strong></span> <span class='ocrx_word' id='word_1_76' title='bbox 645 1808 824 1888; x_wconf 82' lang='lat' dir='ltr'><strong>adtingrmt.</strong></span> <span class='ocrx_word' id='word_1_77' title='bbox 871 1809 1014 1888; x_wconf 80' lang='lat' dir='ltr'><strong>Angelus</strong></span> <span class='ocrx_word' id='word_1_78' title='bbox 1036 1805 1199 1890; x_wconf 86' lang='lat' dir='ltr'><strong>siqnidem</strong></span> <span class='ocrx_word' id='word_1_79' title='bbox 1220 1806 1371 1888; x_wconf 88' lang='lat' dir='ltr'><strong>scriptura</strong></span> 
     </span>
     <span class='ocr_line' id='line_1_12' title="bbox 423 1905 1371 1991; baseline 0 -22"><span class='ocrx_word' id='word_1_80' title='bbox 423 1921 483 1985; x_wconf 84' lang='lat' dir='ltr'><strong>est,</strong></span> <span class='ocrx_word' id='word_1_81' title='bbox 509 1929 606 1991; x_wconf 88' lang='lat' dir='ltr'><strong>quam</strong></span> <span class='ocrx_word' id='word_1_82' title='bbox 637 1910 709 1970; x_wconf 88' lang='lat' dir='ltr'><strong>Deo</strong></span> <span class='ocrx_word' id='word_1_83' title='bbox 738 1908 883 1971; x_wconf 87' lang='lat' dir='ltr'><strong>mittente</strong></span> <span class='ocrx_word' id='word_1_84' title='bbox 914 1916 1041 1971; x_wconf 85' lang='lat' dir='ltr'><strong>constat</strong></span> <span class='ocrx_word' id='word_1_85' title='bbox 1069 1906 1112 1969; x_wconf 88' lang='lat' dir='ltr'><strong>ad</strong></span> <span class='ocrx_word' id='word_1_86' title='bbox 1144 1905 1371 1990; x_wconf 83' lang='lat' dir='ltr'><strong>increpandam</strong></span> 
     </span>
     <span class='ocr_line' id='line_1_13' title="bbox 425 2003 1371 2083; baseline 0 -14"><span class='ocrx_word' id='word_1_87' title='bbox 425 2007 578 2069; x_wconf 89' lang='lat' dir='ltr'><strong>malitiam</strong></span> <span class='ocrx_word' id='word_1_88' title='bbox 594 2006 771 2083; x_wconf 90' lang='lat' dir='ltr'><strong>hominum,</strong></span> <span class='ocrx_word' id='word_1_89' title='bbox 786 2007 820 2067; x_wconf 92' lang='lat' dir='ltr'><strong>in</strong></span> <span class='ocrx_word' id='word_1_90' title='bbox 842 2005 954 2069; x_wconf 89' lang='lat' dir='ltr'><strong>mundi</strong></span> <span class='ocrx_word' id='word_1_91' title='bbox 971 2003 1145 2069; x_wconf 75' lang='lat' dir='ltr'><strong>Sodomam</strong></span> <span class='ocrx_word' id='word_1_92' title='bbox 1160 2005 1371 2070; x_wconf 78' lang='lat' dir='ltr'><strong>descendisse</strong></span> 
     </span>
     <span class='ocr_line' id='line_1_14' title="bbox 423 2104 1374 2190; baseline 0 -21"><span class='ocrx_word' id='word_1_93' title='bbox 423 2104 555 2181; x_wconf 82' lang='lat' dir='ltr'><strong>Audite,</strong></span> <span class='ocrx_word' id='word_1_94' title='bbox 563 2105 680 2187; x_wconf 89' lang='lat' dir='ltr'><strong>inquit,</strong></span> <span class='ocrx_word' id='word_1_95' title='bbox 690 2105 819 2168; x_wconf 85' lang='lat' dir='ltr'><strong>verbum</strong></span> <span class='ocrx_word' id='word_1_96' title='bbox 833 2106 975 2184; x_wconf 90' lang='lat' dir='ltr'><strong>Domini,</strong></span> <span class='ocrx_word' id='word_1_97' title='bbox 984 2106 1146 2190; x_wconf 84' lang='lat' dir='ltr'><strong>principes</strong></span> <span class='ocrx_word' id='word_1_98' title='bbox 1154 2104 1374 2181; x_wconf 84' lang='lat' dir='ltr'><strong>Sodomorum,</strong></span> 
     </span>
     <span class='ocr_line' id='line_1_15' title="bbox 424 2204 1372 2289; baseline 0 -20"><span class='ocrx_word' id='word_1_99' title='bbox 424 2204 554 2269; x_wconf 89' lang='lat' dir='ltr'><strong>auribus</strong></span> <span class='ocrx_word' id='word_1_100' title='bbox 573 2205 703 2287; x_wconf 87' lang='lat' dir='ltr'><strong>percipe</strong></span> <span class='ocrx_word' id='word_1_101' title='bbox 725 2207 822 2268; x_wconf 84' lang='lat' dir='ltr'><strong>verba</strong></span> <span class='ocrx_word' id='word_1_102' title='bbox 836 2227 908 2269; x_wconf 87' lang='lat' dir='ltr'><strong>mea</strong></span> <span class='ocrx_word' id='word_1_103' title='bbox 922 2207 1061 2289; x_wconf 89' lang='lat' dir='ltr'><strong>populos</strong></span> <span class='ocrx_word' id='word_1_104' title='bbox 1081 2207 1259 2269; x_wconf 81' lang='lat' dir='ltr'><strong>Gomorroe.</strong></span> <span class='ocrx_word' id='word_1_105' title='bbox 1304 2204 1372 2269; x_wconf 87' lang='lat' dir='ltr'><strong>Ser·</strong></span> 
     </span>
     <span class='ocr_line' id='line_1_16' title="bbox 424 2305 1374 2390; baseline 0.004 -23"><span class='ocrx_word' id='word_1_106' title='bbox 424 2305 572 2369; x_wconf 72' lang='lat' dir='ltr'><strong>siendum</strong></span> <span class='ocrx_word' id='word_1_107' title='bbox 595 2318 644 2368; x_wconf 89' lang='lat' dir='ltr'><strong>est</strong></span> <span class='ocrx_word' id='word_1_108' title='bbox 665 2326 742 2385; x_wconf 92' lang='lat' dir='ltr'><strong>ergo</strong></span> <span class='ocrx_word' id='word_1_109' title='bbox 757 2306 934 2390; x_wconf 89' lang='lat' dir='ltr'><strong>scripturis,</strong></span> <span class='ocrx_word' id='word_1_110' title='bbox 948 2328 1014 2369; x_wconf 92' lang='lat' dir='ltr'><strong>non</strong></span> <span class='ocrx_word' id='word_1_111' title='bbox 1038 2305 1282 2370; x_wconf 88' lang='lat' dir='ltr'><strong>dominandum.</strong></span> <span class='ocrx_word' id='word_1_112' title='bbox 1305 2306 1374 2371; x_wconf 83' lang='lat' dir='ltr'><strong>Nisi</strong></span> 
     </span>
     <span class='ocr_line' id='line_1_17' title="bbox 424 2404 1375 2491; baseline 0 -23"><span class='ocrx_word' id='word_1_113' title='bbox 424 2407 504 2469; x_wconf 80' lang='lat' dir='ltr'><strong>forte</strong></span> <span class='ocrx_word' id='word_1_114' title='bbox 518 2407 591 2491; x_wconf 91' lang='lat' dir='ltr'><strong>quis</strong></span> <span class='ocrx_word' id='word_1_115' title='bbox 605 2427 640 2468; x_wconf 92' lang='lat' dir='ltr'><strong>se</strong></span> <span class='ocrx_word' id='word_1_116' title='bbox 654 2407 759 2489; x_wconf 91' lang='lat' dir='ltr'><strong>ipsum</strong></span> <span class='ocrx_word' id='word_1_117' title='bbox 774 2404 908 2487; x_wconf 91' lang='lat' dir='ltr'><strong>dignum</strong></span> <span class='ocrx_word' id='word_1_118' title='bbox 928 2407 1048 2484; x_wconf 87' lang='lat' dir='ltr'><strong>credat,</strong></span> <span class='ocrx_word' id='word_1_119' title='bbox 1070 2418 1106 2470; x_wconf 89' lang='lat' dir='ltr'><strong>nt</strong></span> <span class='ocrx_word' id='word_1_120' title='bbox 1120 2408 1244 2490; x_wconf 87' lang='lat' dir='ltr'><strong>angelis</strong></span> <span class='ocrx_word' id='word_1_121' title='bbox 1265 2407 1375 2472; x_wconf 86' lang='lat' dir='ltr'><strong>debeat</strong></span> 
     </span>
     <span class='ocr_line' id='line_1_18' title="bbox 425 2506 1374 2590; baseline 0 -20"><span class='ocrx_word' id='word_1_122' title='bbox 425 2507 593 2570; x_wconf 87' lang='lat' dir='ltr'><strong>dominari.</strong></span> <span class='ocrx_word' id='word_1_123' title='bbox 640 2507 761 2590; x_wconf 89' lang='lat' dir='ltr'><strong>Utique</strong></span> <span class='ocrx_word' id='word_1_124' title='bbox 784 2506 841 2568; x_wconf 87' lang='lat' dir='ltr'><strong>viri</strong></span> <span class='ocrx_word' id='word_1_125' title='bbox 861 2507 943 2590; x_wconf 88' lang='lat' dir='ltr'><strong>justi</strong></span> <span class='ocrx_word' id='word_1_126' title='bbox 966 2528 1021 2569; x_wconf 89' lang='lat' dir='ltr'><strong>eos</strong></span> <span class='ocrx_word' id='word_1_127' title='bbox 1043 2506 1195 2569; x_wconf 86' lang='lat' dir='ltr'><strong>adorasse</strong></span> <span class='ocrx_word' id='word_1_128' title='bbox 1216 2517 1251 2570; x_wconf 91' lang='lat' dir='ltr'><strong>et</strong></span> <span class='ocrx_word' id='word_1_129' title='bbox 1271 2508 1374 2575; x_wconf 84' lang='lat' dir='ltr'><strong>cibun</strong></span> 
     </span>
     <span class='ocr_line' id='line_1_19' title="bbox 426 2608 1376 2689; baseline 0.001 -19"><span class='ocrx_word' id='word_1_130' title='bbox 426 2608 620 2671; x_wconf 78' lang='lat' dir='ltr'><strong>ministrasse</strong></span> <span class='ocrx_word' id='word_1_131' title='bbox 642 2609 805 2689; x_wconf 85' lang='lat' dir='ltr'><strong>leguntur:</strong></span> <span class='ocrx_word' id='word_1_132' title='bbox 828 2618 861 2671; x_wconf 92' lang='lat' dir='ltr'><strong>et</strong></span> <span class='ocrx_word' id='word_1_133' title='bbox 883 2608 930 2670; x_wconf 91' lang='lat' dir='ltr'><strong>eis</strong></span> <span class='ocrx_word' id='word_1_134' title='bbox 958 2608 1101 2671; x_wconf 88' lang='lat' dir='ltr'><strong>bumana</strong></span> <span class='ocrx_word' id='word_1_135' title='bbox 1129 2608 1292 2671; x_wconf 86' lang='lat' dir='ltr'><strong>temeritas</strong></span> <span class='ocrx_word' id='word_1_136' title='bbox 1313 2609 1376 2671; x_wconf 81' lang='lat' dir='ltr'><strong>vult</strong></span> 
     </span>
     <span class='ocr_line' id='line_1_20' title="bbox 428 2708 1374 2792; baseline 0.002 -20"><span class='ocrx_word' id='word_1_137' title='bbox 428 2708 591 2791; x_wconf 72' lang='lat' dir='ltr'><strong>praeferri?</strong></span> <span class='ocrx_word' id='word_1_138' title='bbox 615 2711 773 2773; x_wconf 88' lang='lat' dir='ltr'><strong>Cibantur</strong></span> <span class='ocrx_word' id='word_1_139' title='bbox 797 2721 902 2772; x_wconf 89' lang='lat' dir='ltr'><strong>autem</strong></span> <span class='ocrx_word' id='word_1_140' title='bbox 923 2708 1000 2772; x_wconf 86' lang='lat' dir='ltr'><strong>fidei</strong></span> <span class='ocrx_word' id='word_1_141' title='bbox 1016 2720 1048 2772; x_wconf 91' lang='lat' dir='ltr'><strong>et</strong></span> <span class='ocrx_word' id='word_1_142' title='bbox 1067 2710 1228 2772; x_wconf 87' lang='lat' dir='ltr'><strong>bonorum</strong></span> <span class='ocrx_word' id='word_1_143' title='bbox 1246 2730 1374 2792; x_wconf 85' lang='lat' dir='ltr'><strong>operum</strong></span> 
     </span>
     <span class='ocr_line' id='line_1_21' title="bbox 428 2807 1374 2891; baseline 0 -19"><span class='ocrx_word' id='word_1_144' title='bbox 428 2809 519 2873; x_wconf 86' lang='lat' dir='ltr'><strong>cibis.</strong></span> <span class='ocrx_word' id='word_1_145' title='bbox 564 2811 648 2872; x_wconf 90' lang='lat' dir='ltr'><strong>Nam</strong></span> <span class='ocrx_word' id='word_1_146' title='bbox 664 2821 695 2871; x_wconf 88' lang='lat' dir='ltr'><strong>et</strong></span> <span class='ocrx_word' id='word_1_147' title='bbox 710 2808 816 2888; x_wconf 88' lang='lat' dir='ltr'><strong>magni</strong></span> <span class='ocrx_word' id='word_1_148' title='bbox 828 2807 954 2870; x_wconf 89' lang='lat' dir='ltr'><strong>consilii</strong></span> <span class='ocrx_word' id='word_1_149' title='bbox 965 2809 1113 2889; x_wconf 86' lang='lat' dir='ltr'><strong>angelum</strong></span> <span class='ocrx_word' id='word_1_150' title='bbox 1130 2807 1171 2871; x_wconf 89' lang='lat' dir='ltr'><strong>ad</strong></span> <span class='ocrx_word' id='word_1_151' title='bbox 1183 2819 1316 2891; x_wconf 88' lang='lat' dir='ltr'><strong>puteum</strong></span> <span class='ocrx_word' id='word_1_152' title='bbox 1332 2809 1374 2872; x_wconf 89' lang='lat' dir='ltr'><strong>sic</strong></span> 
     </span>
     <span class='ocr_line' id='line_1_22' title="bbox 429 2908 1374 2974; baseline 0 -3"><span class='ocrx_word' id='word_1_153' title='bbox 429 2910 549 2973; x_wconf 82' lang='lat' dir='ltr'><strong>cibavit</strong></span> <span class='ocrx_word' id='word_1_154' title='bbox 557 2910 670 2973; x_wconf 88' lang='lat' dir='ltr'><strong>mulier</strong></span> <span class='ocrx_word' id='word_1_155' title='bbox 684 2909 891 2973; x_wconf 87' lang='lat' dir='ltr'><strong>Samaritana.</strong></span> <span class='ocrx_word' id='word_1_156' title='bbox 936 2908 982 2972; x_wconf 91' lang='lat' dir='ltr'><strong>Et</strong></span> <span class='ocrx_word' id='word_1_157' title='bbox 992 2909 1072 2971; x_wconf 84' lang='lat' dir='ltr'><strong>sorte</strong></span> <span class='ocrx_word' id='word_1_158' title='bbox 1081 2931 1138 2973; x_wconf 89' lang='lat' dir='ltr'><strong>eos</strong></span> <span class='ocrx_word' id='word_1_159' title='bbox 1149 2908 1303 2974; x_wconf 88' lang='lat' dir='ltr'><strong>adorasse</strong></span> <span class='ocrx_word' id='word_1_160' title='bbox 1313 2930 1374 2973; x_wconf 90' lang='lat' dir='ltr'><strong>non</strong></span> 
     </span>
     <span class='ocr_line' id='line_1_23' title="bbox 428 3009 1378 3094; baseline 0.002 -22"><span class='ocrx_word' id='word_1_161' title='bbox 428 3010 579 3092; x_wconf 89' lang='lat' dir='ltr'><strong>proderit,</strong></span> <span class='ocrx_word' id='word_1_162' title='bbox 607 3011 635 3073; x_wconf 87' lang='lat' dir='ltr'><strong>si</strong></span> <span class='ocrx_word' id='word_1_163' title='bbox 664 3010 758 3072; x_wconf 89' lang='lat' dir='ltr'><strong>cibus</strong></span> <span class='ocrx_word' id='word_1_164' title='bbox 794 3009 1007 3072; x_wconf 82' lang='lat' dir='ltr'><strong>subtrahatur.</strong></span> <span class='ocrx_word' id='word_1_165' title='bbox 1066 3010 1184 3073; x_wconf 88' lang='lat' dir='ltr'><strong>Nonne</strong></span> <span class='ocrx_word' id='word_1_166' title='bbox 1218 3009 1378 3094; x_wconf 76' lang='lat' dir='ltr'><strong>quaerendi</strong></span> 
     </span>
     <span class='ocr_line' id='line_1_24' title="bbox 428 3108 1377 3193; baseline 0.002 -21"><span class='ocrx_word' id='word_1_167' title='bbox 428 3111 535 3174; x_wconf 88' lang='lat' dir='ltr'><strong>studio</strong></span> <span class='ocrx_word' id='word_1_168' title='bbox 544 3112 681 3193; x_wconf 85' lang='lat' dir='ltr'><strong>viguisse</strong></span> <span class='ocrx_word' id='word_1_169' title='bbox 690 3110 839 3173; x_wconf 87' lang='lat' dir='ltr'><strong>scribitur</strong></span> <span class='ocrx_word' id='word_1_170' title='bbox 849 3109 1045 3186; x_wconf 89' lang='lat' dir='ltr'><strong>Patriarcha‚</strong></span> <span class='ocrx_word' id='word_1_171' title='bbox 1054 3108 1111 3192; x_wconf 91' lang='lat' dir='ltr'><strong>qui</strong></span> <span class='ocrx_word' id='word_1_172' title='bbox 1126 3112 1248 3173; x_wconf 87' lang='lat' dir='ltr'><strong>scalam</strong></span> <span class='ocrx_word' id='word_1_173' title='bbox 1260 3110 1377 3186; x_wconf 80' lang='lat' dir='ltr'><strong>ridens,</strong></span> 
     </span>
     <span class='ocr_line' id='line_1_25' title="bbox 430 3211 1378 3297; baseline 0.002 -23"><span class='ocrx_word' id='word_1_174' title='bbox 430 3213 522 3297; x_wconf 91' lang='lat' dir='ltr'><strong>cujus</strong></span> <span class='ocrx_word' id='word_1_175' title='bbox 536 3212 701 3275; x_wconf 87' lang='lat' dir='ltr'><strong>summitas</strong></span> <span class='ocrx_word' id='word_1_176' title='bbox 716 3212 817 3274; x_wconf 86' lang='lat' dir='ltr'><strong>coelos</strong></span> <span class='ocrx_word' id='word_1_177' title='bbox 833 3211 987 3290; x_wconf 89' lang='lat' dir='ltr'><strong>tangebat</strong></span> <span class='ocrx_word' id='word_1_178' title='bbox 1001 3212 1133 3292; x_wconf 89' lang='lat' dir='ltr'><strong>angelos</strong></span> <span class='ocrx_word' id='word_1_179' title='bbox 1146 3211 1378 3276; x_wconf 78' lang='lat' dir='ltr'><strong>adscendentes</strong></span> 
     </span>
     <span class='ocr_line' id='line_1_26' title="bbox 430 3309 1377 3394; baseline 0 -20"><span class='ocrx_word' id='word_1_180' title='bbox 430 3322 463 3374; x_wconf 89' lang='lat' dir='ltr'><strong>et</strong></span> <span class='ocrx_word' id='word_1_181' title='bbox 485 3310 716 3375; x_wconf 81' lang='lat' dir='ltr'><strong>descendentes</strong></span> <span class='ocrx_word' id='word_1_182' title='bbox 739 3309 827 3385; x_wconf 82' lang='lat' dir='ltr'><strong>vidit,</strong></span> <span class='ocrx_word' id='word_1_183' title='bbox 850 3323 882 3372; x_wconf 90' lang='lat' dir='ltr'><strong>et</strong></span> <span class='ocrx_word' id='word_1_184' title='bbox 903 3310 1008 3394; x_wconf 91' lang='lat' dir='ltr'><strong>ipsum</strong></span> <span class='ocrx_word' id='word_1_185' title='bbox 1033 3312 1210 3375; x_wconf 91' lang='lat' dir='ltr'><strong>Dominum</strong></span> <span class='ocrx_word' id='word_1_186' title='bbox 1232 3314 1377 3377; x_wconf 81' lang='lat' dir='ltr'><strong>innixum</strong></span> 
     </span>
     <span class='ocr_line' id='line_1_27' title="bbox 431 3408 1379 3491; baseline 0.004 -17"><span class='ocrx_word' id='word_1_187' title='bbox 431 3413 537 3488; x_wconf 85' lang='lat' dir='ltr'><strong>scalae,</strong></span> <span class='ocrx_word' id='word_1_188' title='bbox 566 3423 597 3474; x_wconf 90' lang='lat' dir='ltr'><strong>et</strong></span> <span class='ocrx_word' id='word_1_189' title='bbox 627 3432 699 3472; x_wconf 90' lang='lat' dir='ltr'><strong>cum</strong></span> <span class='ocrx_word' id='word_1_190' title='bbox 729 3410 844 3491; x_wconf 90' lang='lat' dir='ltr'><strong>angelo</strong></span> <span class='ocrx_word' id='word_1_191' title='bbox 882 3408 986 3475; x_wconf 88' lang='lat' dir='ltr'><strong>donec</strong></span> <span class='ocrx_word' id='word_1_192' title='bbox 1023 3433 1137 3475; x_wconf 89' lang='lat' dir='ltr'><strong>aurora</strong></span> <span class='ocrx_word' id='word_1_193' title='bbox 1169 3414 1379 3488; x_wconf 88' lang='lat' dir='ltr'><strong>illucesceret,</strong></span> 
     </span>
     <span class='ocr_line' id='line_1_28' title="bbox 428 3511 1379 3596; baseline 0.001 -23"><span class='ocrx_word' id='word_1_194' title='bbox 428 3511 613 3574; x_wconf 88' lang='lat' dir='ltr'><strong>luctaminis</strong></span> <span class='ocrx_word' id='word_1_195' title='bbox 635 3523 796 3574; x_wconf 89' lang='lat' dir='ltr'><strong>certamen</strong></span> <span class='ocrx_word' id='word_1_196' title='bbox 819 3512 980 3576; x_wconf 85' lang='lat' dir='ltr'><strong>exercuit:</strong></span> <span class='ocrx_word' id='word_1_197' title='bbox 1012 3533 1071 3576; x_wconf 89' lang='lat' dir='ltr'><strong>nec</strong></span> <span class='ocrx_word' id='word_1_198' title='bbox 1094 3519 1182 3591; x_wconf 89' lang='lat' dir='ltr'><strong>ante,</strong></span> <span class='ocrx_word' id='word_1_199' title='bbox 1203 3516 1246 3577; x_wconf 92' lang='lat' dir='ltr'><strong>ab</strong></span> <span class='ocrx_word' id='word_1_200' title='bbox 1268 3515 1379 3596; x_wconf 88' lang='lat' dir='ltr'><strong>angelo</strong></span> 
     </span>
     <span class='ocr_line' id='line_1_29' title="bbox 430 3610 1378 3695; baseline 0.007 -24"><span class='ocrx_word' id='word_1_201' title='bbox 430 3610 589 3691; x_wconf 76' lang='lat' dir='ltr'><strong>fatigatus,</strong></span> <span class='ocrx_word' id='word_1_202' title='bbox 610 3610 771 3691; x_wconf 81' lang='lat' dir='ltr'><strong>acquievit</strong></span> <span class='ocrx_word' id='word_1_203' title='bbox 795 3622 830 3673; x_wconf 91' lang='lat' dir='ltr'><strong>ut</strong></span> <span class='ocrx_word' id='word_1_204' title='bbox 856 3610 994 3688; x_wconf 90' lang='lat' dir='ltr'><strong>cederet,</strong></span> <span class='ocrx_word' id='word_1_205' title='bbox 1017 3633 1113 3695; x_wconf 87' lang='lat' dir='ltr'><strong>quarn</strong></span> <span class='ocrx_word' id='word_1_206' title='bbox 1137 3613 1259 3677; x_wconf 79' lang='lat' dir='ltr'><strong>femore</strong></span> <span class='ocrx_word' id='word_1_207' title='bbox 1284 3615 1378 3678; x_wconf 85' lang='lat' dir='ltr'><strong>altero</strong></span> 
     </span>
     <span class='ocr_line' id='line_1_30' title="bbox 431 3706 1378 3798; baseline 0.006 -25"><span class='ocrx_word' id='word_1_208' title='bbox 431 3706 626 3784; x_wconf 87' lang='lat' dir='ltr'><strong>debilitatus,</strong></span> <span class='ocrx_word' id='word_1_209' title='bbox 641 3709 876 3773; x_wconf 90' lang='lat' dir='ltr'><strong>benedictionis</strong></span> <span class='ocrx_word' id='word_1_210' title='bbox 896 3713 1027 3792; x_wconf 85' lang='lat' dir='ltr'><strong>gratiam</strong></span> <span class='ocrx_word' id='word_1_211' title='bbox 1048 3713 1113 3776; x_wconf 79' lang='lat' dir='ltr'><strong>voti</strong></span> <span class='ocrx_word' id='word_1_212' title='bbox 1136 3735 1270 3798; x_wconf 89' lang='lat' dir='ltr'><strong>compos</strong></span> <span class='ocrx_word' id='word_1_213' title='bbox 1292 3736 1378 3779; x_wconf 86' lang='lat' dir='ltr'><strong>acce·</strong></span> 
     </span>
     <span class='ocr_line' id='line_1_31' title="bbox 432 3811 1378 3898; baseline 0.006 -26"><span class='ocrx_word' id='word_1_214' title='bbox 432 3811 527 3873; x_wconf 87' lang='lat' dir='ltr'><strong>dente</strong></span> <span class='ocrx_word' id='word_1_215' title='bbox 550 3812 664 3892; x_wconf 91' lang='lat' dir='ltr'><strong>angelo</strong></span> <span class='ocrx_word' id='word_1_216' title='bbox 686 3822 868 3894; x_wconf 88' lang='lat' dir='ltr'><strong>reportaret.</strong></span> <span class='ocrx_word' id='word_1_217' title='bbox 909 3814 992 3876; x_wconf 83' lang='lat' dir='ltr'><strong>Haec</strong></span> <span class='ocrx_word' id='word_1_218' title='bbox 1015 3815 1045 3876; x_wconf 91' lang='lat' dir='ltr'><strong>ei</strong></span> <span class='ocrx_word' id='word_1_219' title='bbox 1067 3815 1101 3877; x_wconf 91' lang='lat' dir='ltr'><strong>in</strong></span> <span class='ocrx_word' id='word_1_220' title='bbox 1124 3816 1251 3898; x_wconf 89' lang='lat' dir='ltr'><strong>spiritu,</strong></span> <span class='ocrx_word' id='word_1_221' title='bbox 1273 3817 1378 3881; x_wconf 87' lang='lat' dir='ltr'><strong>autin</strong></span> 
     </span>
    </p>
   </div>
   <div class='ocr_carea' id='block_1_3' title="bbox 428 3910 1379 4384">
    <p class='ocr_par' dir='ltr' id='par_1_3' title="bbox 428 3910 1379 4384">
     <span class='ocr_line' id='line_1_32' title="bbox 430 3910 1379 3999; baseline 0.007 -25"><span class='ocrx_word' id='word_1_222' title='bbox 430 3911 532 3992; x_wconf 86' lang='lat' dir='ltr'><strong>figura</strong></span> <span class='ocrx_word' id='word_1_223' title='bbox 554 3912 773 3993; x_wconf 88' lang='lat' dir='ltr'><strong>contigerunt:</strong></span> <span class='ocrx_word' id='word_1_224' title='bbox 804 3910 861 3974; x_wconf 92' lang='lat' dir='ltr'><strong>sed</strong></span> <span class='ocrx_word' id='word_1_225' title='bbox 883 3915 990 3991; x_wconf 90' lang='lat' dir='ltr'><strong>nobis,</strong></span> <span class='ocrx_word' id='word_1_226' title='bbox 1009 3917 1168 3999; x_wconf 85' lang='lat' dir='ltr'><strong>Apostolo</strong></span> <span class='ocrx_word' id='word_1_227' title='bbox 1190 3927 1283 3995; x_wconf 90' lang='lat' dir='ltr'><strong>teste,</strong></span> <span class='ocrx_word' id='word_1_228' title='bbox 1303 3917 1379 3999; x_wconf 85' lang='lat' dir='ltr'><strong>ligu-</strong></span> 
     </span>
     <span class='ocr_line' id='line_1_33' title="bbox 429 4011 1378 4097; baseline 0.008 -24"><span class='ocrx_word' id='word_1_229' title='bbox 429 4011 508 4074; x_wconf 89' lang='lat' dir='ltr'><strong>ralia</strong></span> <span class='ocrx_word' id='word_1_230' title='bbox 529 4012 678 4074; x_wconf 83' lang='lat' dir='ltr'><strong>serviunt.</strong></span> <span class='ocrx_word' id='word_1_231' title='bbox 724 4012 763 4075; x_wconf 91' lang='lat' dir='ltr'><strong>ln</strong></span> <span class='ocrx_word' id='word_1_232' title='bbox 786 4011 836 4074; x_wconf 86' lang='lat' dir='ltr'><strong>via</strong></span> <span class='ocrx_word' id='word_1_233' title='bbox 862 4033 938 4093; x_wconf 91' lang='lat' dir='ltr'><strong>ergo</strong></span> <span class='ocrx_word' id='word_1_234' title='bbox 963 4015 1232 4097; x_wconf 89' lang='lat' dir='ltr'><strong>peregrinationis</strong></span> <span class='ocrx_word' id='word_1_235' title='bbox 1256 4031 1378 4093; x_wconf 82' lang='lat' dir='ltr'><strong>nostre,</strong></span> 
     </span>
     <span class='ocr_line' id='line_1_34' title="bbox 428 4112 1377 4200; baseline 0.004 -24"><span class='ocrx_word' id='word_1_236' title='bbox 428 4112 704 4197; x_wconf 88' lang='lat' dir='ltr'><strong>apprehendamus</strong></span> <span class='ocrx_word' id='word_1_237' title='bbox 725 4113 857 4193; x_wconf 89' lang='lat' dir='ltr'><strong>angelos</strong></span> <span class='ocrx_word' id='word_1_238' title='bbox 878 4114 1116 4197; x_wconf 88' lang='lat' dir='ltr'><strong>scripturarum,</strong></span> <span class='ocrx_word' id='word_1_239' title='bbox 1137 4128 1171 4179; x_wconf 90' lang='lat' dir='ltr'><strong>et</strong></span> <span class='ocrx_word' id='word_1_240' title='bbox 1191 4117 1377 4200; x_wconf 81' lang='lat' dir='ltr'><strong>infatigabili</strong></span> 
     </span>
     <span class='ocr_line' id='line_1_35' title="bbox 430 4214 1378 4292; baseline 0.006 -16"><span class='ocrx_word' id='word_1_241' title='bbox 430 4214 601 4277; x_wconf 89' lang='lat' dir='ltr'><strong>certamine</strong></span> <span class='ocrx_word' id='word_1_242' title='bbox 611 4215 771 4277; x_wconf 85' lang='lat' dir='ltr'><strong>luctantes</strong></span> <span class='ocrx_word' id='word_1_243' title='bbox 785 4234 860 4276; x_wconf 90' lang='lat' dir='ltr'><strong>cum</strong></span> <span class='ocrx_word' id='word_1_244' title='bbox 875 4215 933 4289; x_wconf 85' lang='lat' dir='ltr'><strong>eis,</strong></span> <span class='ocrx_word' id='word_1_245' title='bbox 945 4236 1010 4278; x_wconf 90' lang='lat' dir='ltr'><strong>non</strong></span> <span class='ocrx_word' id='word_1_246' title='bbox 1026 4216 1189 4292; x_wconf 89' lang='lat' dir='ltr'><strong>cedamus,</strong></span> <span class='ocrx_word' id='word_1_247' title='bbox 1202 4218 1309 4285; x_wconf 87' lang='lat' dir='ltr'><strong>donee</strong></span> <span class='ocrx_word' id='word_1_248' title='bbox 1323 4240 1378 4283; x_wconf 88' lang='lat' dir='ltr'><strong>nos</strong></span> 
     </span>
     <span class='ocr_line' id='line_1_36' title="bbox 431 4311 1377 4384; baseline 0.007 -13"><span class='ocrx_word' id='word_1_249' title='bbox 431 4311 569 4375; x_wconf 80' lang='lat' dir='ltr'><strong>veritatis</strong></span> <span class='ocrx_word' id='word_1_250' title='bbox 591 4331 702 4374; x_wconf 91' lang='lat' dir='ltr'><strong>aurora</strong></span> <span class='ocrx_word' id='word_1_251' title='bbox 723 4312 865 4375; x_wconf 85' lang='lat' dir='ltr'><strong>illustret</strong></span> <span class='ocrx_word' id='word_1_252' title='bbox 912 4314 983 4378; x_wconf 88' lang='lat' dir='ltr'><strong>Nec</strong></span> <span class='ocrx_word' id='word_1_253' title='bbox 1006 4317 1106 4380; x_wconf 90' lang='lat' dir='ltr'><strong>solam</strong></span> <span class='ocrx_word' id='word_1_254' title='bbox 1126 4339 1222 4383; x_wconf 88' lang='lat' dir='ltr'><strong>nosse</strong></span> <span class='ocrx_word' id='word_1_255' title='bbox 1243 4321 1377 4384; x_wconf 86' lang='lat' dir='ltr'><strong>sufficiat</strong></span> 
     </span>
    </p>
   </div>
   <div class='ocr_carea' id='block_1_4' title="bbox 0 0 1798 5467">
    <p class='ocr_par' dir='ltr' id='par_1_4' title="bbox 0 0 1798 5467">
     <span class='ocr_line' id='line_1_37' title="bbox 0 0 1798 5467; baseline 0 0"><span class='ocrx_word' id='word_1_256' title='bbox 0 0 1798 5467; x_wconf 95' lang='lat' dir='ltr'><strong> </strong></span> 
     </span>
    </p>
   </div>
  </div>
 </body>
</html>
