<?xml version="1.0" encoding="UTF-8"?>
<!DOCTYPE html PUBLIC "-//W3C//DTD XHTML 1.0 Transitional//EN"
    "http://www.w3.org/TR/xhtml1/DTD/xhtml1-transitional.dtd">
<html xmlns="http://www.w3.org/1999/xhtml" xml:lang="en" lang="en">
 <head>
  <title>
</title>
<meta http-equiv="Content-Type" content="text/html;charset=utf-8" />
  <meta name='ocr-system' content='tesseract 3.04.00' />
  <meta name='ocr-capabilities' content='ocr_page ocr_carea ocr_par ocr_line ocrx_word'/>
</head>
<body>
  <div class='ocr_page' id='page_1' title='image "./joannissaresber17johngoog_0198.png"; bbox 0 0 3550 5467; ppageno 0'>
   <div class='ocr_carea' id='block_1_1' title="bbox 415 748 1356 827">
    <p class='ocr_par' dir='ltr' id='par_1_1' title="bbox 415 748 1356 827">
     <span class='ocr_line' id='line_1_1' title="bbox 415 748 1356 827; baseline 0.006 -21"><span class='ocrx_word' id='word_1_1' title='bbox 415 749 474 807; x_wconf 86' lang='lat'>188</span> <span class='ocrx_word' id='word_1_2' title='bbox 670 765 806 809; x_wconf 78' lang='lat' dir='ltr'>ruamus</span> <span class='ocrx_word' id='word_1_3' title='bbox 821 764 1102 811; x_wconf 78' lang='lat' dir='ltr'>ssasssaarsssrs</span> <span class='ocrx_word' id='word_1_4' title='bbox 1208 748 1289 827; x_wconf 77' lang='lat' dir='ltr'>[crs.</span> <span class='ocrx_word' id='word_1_5' title='bbox 1305 769 1356 813; x_wconf 84' lang='lat' dir='ltr'>vu.</span> 
     </span>
    </p>
   </div>
   <div class='ocr_carea' id='block_1_2' title="bbox 412 914 1362 2807">
    <p class='ocr_par' dir='ltr' id='par_1_2' title="bbox 519 914 1137 985">
     <span class='ocr_line' id='line_1_2' title="bbox 519 914 1137 985; baseline 0.002 -20"><span class='ocrx_word' id='word_1_6' title='bbox 519 915 607 966; x_wconf 81' lang='lat' dir='ltr'>Pallor</span> <span class='ocrx_word' id='word_1_7' title='bbox 618 917 644 966; x_wconf 91' lang='lat' dir='ltr'>in</span> <span class='ocrx_word' id='word_1_8' title='bbox 657 933 700 966; x_wconf 87' lang='lat' dir='ltr'>ore</span> <span class='ocrx_word' id='word_1_9' title='bbox 712 914 795 973; x_wconf 76' lang='lat' dir='ltr'>sedet,</span> <span class='ocrx_word' id='word_1_10' title='bbox 806 915 903 965; x_wconf 88' lang='lat' dir='ltr'>macies</span> <span class='ocrx_word' id='word_1_11' title='bbox 914 915 941 966; x_wconf 87' lang='lat' dir='ltr'>in</span> <span class='ocrx_word' id='word_1_12' title='bbox 953 931 1058 985; x_wconf 89' lang='lat' dir='ltr'>corpore</span> <span class='ocrx_word' id='word_1_13' title='bbox 1070 922 1137 967; x_wconf 89' lang='lat' dir='ltr'>toto:</span> 
     </span>
    </p>

    <p class='ocr_par' dir='ltr' id='par_1_3' title="bbox 518 998 1168 1069">
     <span class='ocr_line' id='line_1_3' title="bbox 518 998 1168 1069; baseline 0.005 -19"><span class='ocrx_word' id='word_1_14' title='bbox 518 999 654 1069; x_wconf 80' lang='lat' dir='ltr'><strong>Nusquam</strong></span> <span class='ocrx_word' id='word_1_15' title='bbox 665 1007 736 1052; x_wconf 89' lang='lat' dir='ltr'>recta</span> <span class='ocrx_word' id='word_1_16' title='bbox 748 1001 827 1062; x_wconf 90' lang='lat' dir='ltr'>acies,</span> <span class='ocrx_word' id='word_1_17' title='bbox 838 998 921 1051; x_wconf 84' lang='lat' dir='ltr'>livent</span> <span class='ocrx_word' id='word_1_18' title='bbox 931 999 1051 1068; x_wconf 76' lang='lat' dir='ltr'>rubigine</span> <span class='ocrx_word' id='word_1_19' title='bbox 1063 1000 1168 1067; x_wconf 83' lang='lat' dir='ltr'>dentes,</span> 
     </span>
    </p>

    <p class='ocr_par' dir='ltr' id='par_1_4' title="bbox 518 1084 1190 1154">
     <span class='ocr_line' id='line_1_4' title="bbox 518 1084 1190 1154; baseline 0.004 -19"><span class='ocrx_word' id='word_1_20' title='bbox 518 1084 627 1138; x_wconf 77' lang='lat' dir='ltr'>Pectora</span> <span class='ocrx_word' id='word_1_21' title='bbox 639 1086 701 1139; x_wconf 79' lang='lat' dir='ltr'>selle</span> <span class='ocrx_word' id='word_1_22' title='bbox 711 1087 805 1147; x_wconf 82' lang='lat' dir='ltr'>virent,</span> <span class='ocrx_word' id='word_1_23' title='bbox 816 1084 913 1138; x_wconf 77' lang='lat' dir='ltr'>suffirsa</span> <span class='ocrx_word' id='word_1_24' title='bbox 924 1093 965 1138; x_wconf 85' lang='lat' dir='ltr'>est</span> <span class='ocrx_word' id='word_1_25' title='bbox 975 1085 1066 1154; x_wconf 73' lang='lat' dir='ltr'>lingua</span> <span class='ocrx_word' id='word_1_26' title='bbox 1077 1104 1190 1141; x_wconf 82' lang='lat' dir='ltr'>veneno.</span> 
     </span>
    </p>

    <p class='ocr_par' dir='ltr' id='par_1_5' title="bbox 518 1169 1123 1238">
     <span class='ocr_line' id='line_1_5' title="bbox 518 1169 1123 1238; baseline 0.007 -19"><span class='ocrx_word' id='word_1_27' title='bbox 518 1169 597 1223; x_wconf 86' lang='lat' dir='ltr'>Risus</span> <span class='ocrx_word' id='word_1_28' title='bbox 609 1172 693 1235; x_wconf 86' lang='lat' dir='ltr'>abest,</span> <span class='ocrx_word' id='word_1_29' title='bbox 704 1172 755 1223; x_wconf 90' lang='lat' dir='ltr'>nisi</span> <span class='ocrx_word' id='word_1_30' title='bbox 766 1188 844 1238; x_wconf 89' lang='lat' dir='ltr'>quem</span> <span class='ocrx_word' id='word_1_31' title='bbox 855 1171 904 1221; x_wconf 83' lang='lat' dir='ltr'>visi</span> <span class='ocrx_word' id='word_1_32' title='bbox 915 1169 1000 1222; x_wconf 82' lang='lat' dir='ltr'>fecere</span> <span class='ocrx_word' id='word_1_33' title='bbox 1011 1170 1123 1235; x_wconf 84' lang='lat' dir='ltr'>dolores,</span> 
     </span>
    </p>

    <p class='ocr_par' dir='ltr' id='par_1_6' title="bbox 517 1253 1298 1326">
     <span class='ocr_line' id='line_1_6' title="bbox 517 1253 1298 1326; baseline 0.003 -20"><span class='ocrx_word' id='word_1_34' title='bbox 517 1253 623 1324; x_wconf 79' lang='lat' dir='ltr'>Vixque</span> <span class='ocrx_word' id='word_1_35' title='bbox 634 1262 707 1309; x_wconf 83' lang='lat' dir='ltr'>tenet</span> <span class='ocrx_word' id='word_1_36' title='bbox 718 1257 873 1324; x_wconf 73' lang='lat' dir='ltr'><strong>lachrymas,</strong></span> <span class='ocrx_word' id='word_1_37' title='bbox 885 1257 947 1324; x_wconf 89' lang='lat' dir='ltr'>quia</span> <span class='ocrx_word' id='word_1_38' title='bbox 958 1256 996 1307; x_wconf 86' lang='lat' dir='ltr'>nil</span> <span class='ocrx_word' id='word_1_39' title='bbox 1007 1255 1197 1326; x_wconf 82' lang='lat' dir='ltr'>lachrymabile</span> <span class='ocrx_word' id='word_1_40' title='bbox 1209 1261 1298 1311; x_wconf 86' lang='lat' dir='ltr'>ceruit.</span> 
     </span>
    </p>

    <p class='ocr_par' dir='ltr' id='par_1_7' title="bbox 517 1341 1159 1407">
     <span class='ocr_line' id='line_1_7' title="bbox 517 1341 1159 1407; baseline 0.002 -12"><span class='ocrx_word' id='word_1_41' title='bbox 517 1343 575 1395; x_wconf 88' lang='lat' dir='ltr'>Nec</span> <span class='ocrx_word' id='word_1_42' title='bbox 586 1342 679 1395; x_wconf 74' lang='lat' dir='ltr'>fruito</span> <span class='ocrx_word' id='word_1_43' title='bbox 690 1359 788 1403; x_wconf 85' lang='lat' dir='ltr'>somno,</span> <span class='ocrx_word' id='word_1_44' title='bbox 801 1341 968 1407; x_wconf 71' lang='lat' dir='ltr'>vigilantibus</span> <span class='ocrx_word' id='word_1_45' title='bbox 980 1345 1067 1395; x_wconf 84' lang='lat' dir='ltr'>excita</span> <span class='ocrx_word' id='word_1_46' title='bbox 1079 1345 1159 1396; x_wconf 89' lang='lat' dir='ltr'>curis.</span> 
     </span>
    </p>

    <p class='ocr_par' dir='ltr' id='par_1_8' title="bbox 515 1428 1108 1496">
     <span class='ocr_line' id='line_1_8' title="bbox 515 1428 1108 1496; baseline 0 -15"><span class='ocrx_word' id='word_1_47' title='bbox 515 1429 569 1482; x_wconf 80' lang='lat' dir='ltr'>Sed</span> <span class='ocrx_word' id='word_1_48' title='bbox 580 1429 651 1481; x_wconf 84' lang='lat' dir='ltr'>ridet</span> <span class='ocrx_word' id='word_1_49' title='bbox 661 1430 785 1495; x_wconf 76' lang='lat' dir='ltr'>ingratos,</span> <span class='ocrx_word' id='word_1_50' title='bbox 796 1428 984 1496; x_wconf 74' lang='lat' dir='ltr'>intabescitque</span> <span class='ocrx_word' id='word_1_51' title='bbox 995 1429 1108 1481; x_wconf 85' lang='lat' dir='ltr'>ridendo</span> 
     </span>
    </p>

    <p class='ocr_par' dir='ltr' id='par_1_9' title="bbox 517 1514 1200 1584">
     <span class='ocr_line' id='line_1_9' title="bbox 517 1514 1200 1584; baseline -0.003 -15"><span class='ocrx_word' id='word_1_52' title='bbox 517 1516 656 1569; x_wconf 85' lang='lat' dir='ltr'>Successus</span> <span class='ocrx_word' id='word_1_53' title='bbox 666 1515 808 1576; x_wconf 89' lang='lat' dir='ltr'>hominnm,</span> <span class='ocrx_word' id='word_1_54' title='bbox 819 1514 961 1584; x_wconf 82' lang='lat' dir='ltr'>carpitque,</span> <span class='ocrx_word' id='word_1_55' title='bbox 972 1521 1000 1567; x_wconf 89' lang='lat' dir='ltr'>et</span> <span class='ocrx_word' id='word_1_56' title='bbox 1011 1516 1126 1584; x_wconf 84' lang='lat' dir='ltr'>carpitur</span> <span class='ocrx_word' id='word_1_57' title='bbox 1137 1533 1200 1579; x_wconf 87' lang='lat' dir='ltr'>uns,</span> 
     </span>
    </p>

    <p class='ocr_par' dir='ltr' id='par_1_10' title="bbox 412 1599 1362 2807">
     <span class='ocr_line' id='line_1_10' title="bbox 517 1599 872 1672; baseline -0.017 -18"><span class='ocrx_word' id='word_1_58' title='bbox 517 1599 726 1672; x_wconf 86' lang='lat' dir='ltr'>Suppliciumqne</span> <span class='ocrx_word' id='word_1_59' title='bbox 738 1615 813 1650; x_wconf 90' lang='lat' dir='ltr'>suurn</span> <span class='ocrx_word' id='word_1_60' title='bbox 825 1604 872 1649; x_wconf 84' lang='lat' dir='ltr'>est.</span> 
     </span>
     <span class='ocr_line' id='line_1_11' title="bbox 414 1702 1361 1792; baseline -0.005 -18"><span class='ocrx_word' id='word_1_61' title='bbox 414 1712 487 1774; x_wconf 92' lang='lat' dir='ltr'>Nou</span> <span class='ocrx_word' id='word_1_62' title='bbox 499 1721 547 1770; x_wconf 88' lang='lat' dir='ltr'>est</span> <span class='ocrx_word' id='word_1_63' title='bbox 559 1718 664 1769; x_wconf 89' lang='lat' dir='ltr'>autem</span> <span class='ocrx_word' id='word_1_64' title='bbox 678 1704 783 1768; x_wconf 89' lang='lat' dir='ltr'>minus</span> <span class='ocrx_word' id='word_1_65' title='bbox 796 1725 869 1765; x_wconf 88' lang='lat' dir='ltr'>vera</span> <span class='ocrx_word' id='word_1_66' title='bbox 880 1702 1064 1788; x_wconf 80' lang='lat' dir='ltr'>descriptio,</span> <span class='ocrx_word' id='word_1_67' title='bbox 1075 1702 1149 1767; x_wconf 91' lang='lat' dir='ltr'>licet</span> <span class='ocrx_word' id='word_1_68' title='bbox 1166 1705 1213 1768; x_wconf 90' lang='lat' dir='ltr'>rei</span> <span class='ocrx_word' id='word_1_69' title='bbox 1226 1705 1361 1792; x_wconf 83' lang='lat' dir='ltr'>iocorpo</span> 
     </span>
     <span class='ocr_line' id='line_1_12' title="bbox 413 1803 1360 1893; baseline -0.003 -20"><span class='ocrx_word' id='word_1_70' title='bbox 413 1810 470 1873; x_wconf 89' lang='lat' dir='ltr'>rali</span> <span class='ocrx_word' id='word_1_71' title='bbox 486 1806 628 1893; x_wconf 89' lang='lat' dir='ltr'>corporis</span> <span class='ocrx_word' id='word_1_72' title='bbox 639 1804 897 1891; x_wconf 75' lang='lat' dir='ltr'><strong>compositionem</strong></span> <span class='ocrx_word' id='word_1_73' title='bbox 910 1818 1021 1868; x_wconf 82' lang='lat' dir='ltr'><strong>auctor</strong></span> <span class='ocrx_word' id='word_1_74' title='bbox 1030 1803 1207 1882; x_wconf 80' lang='lat' dir='ltr'>adscribat,</span> <span class='ocrx_word' id='word_1_75' title='bbox 1219 1829 1319 1892; x_wconf 92' lang='lat' dir='ltr'>quum</span> <span class='ocrx_word' id='word_1_76' title='bbox 1333 1806 1360 1870; x_wconf 90' lang='lat' dir='ltr'>io</span> 
     </span>
     <span class='ocr_line' id='line_1_13' title="bbox 412 1905 1361 1994; baseline 0.001 -23"><span class='ocrx_word' id='word_1_77' title='bbox 412 1910 589 1994; x_wconf 70' lang='lat' dir='ltr'>ecligma,</span> <span class='ocrx_word' id='word_1_78' title='bbox 605 1928 678 1992; x_wconf 90' lang='lat' dir='ltr'>quae</span> <span class='ocrx_word' id='word_1_79' title='bbox 698 1905 914 1990; x_wconf 77' lang='lat' dir='ltr'>sarcophegia,</span> <span class='ocrx_word' id='word_1_80' title='bbox 930 1909 979 1970; x_wconf 88' lang='lat' dir='ltr'>vel</span> <span class='ocrx_word' id='word_1_81' title='bbox 997 1906 1225 1991; x_wconf 83' lang='lat' dir='ltr'>sarcographia</span> <span class='ocrx_word' id='word_1_82' title='bbox 1240 1907 1361 1984; x_wconf 87' lang='lat' dir='ltr'>dicitur,</span> 
     </span>
     <span class='ocr_line' id='line_1_14' title="bbox 413 2006 1362 2095; baseline 0.001 -22"><span class='ocrx_word' id='word_1_83' title='bbox 413 2011 460 2073; x_wconf 87' lang='lat' dir='ltr'>vis</span> <span class='ocrx_word' id='word_1_84' title='bbox 471 2009 634 2082; x_wconf 83' lang='lat' dir='ltr'>consistat,</span> <span class='ocrx_word' id='word_1_85' title='bbox 647 2007 731 2093; x_wconf 87' lang='lat' dir='ltr'>qnod</span> <span class='ocrx_word' id='word_1_86' title='bbox 744 2007 838 2071; x_wconf 89' lang='lat' dir='ltr'>rebus</span> <span class='ocrx_word' id='word_1_87' title='bbox 853 2006 1106 2092; x_wconf 84' lang='lat' dir='ltr'>incorporalibus</span> <span class='ocrx_word' id='word_1_88' title='bbox 1116 2010 1262 2095; x_wconf 88' lang='lat' dir='ltr'>corporis</span> <span class='ocrx_word' id='word_1_89' title='bbox 1272 2008 1362 2074; x_wconf 87' lang='lat' dir='ltr'>linea·</span> 
     </span>
     <span class='ocr_line' id='line_1_15' title="bbox 412 2108 1360 2196; baseline 0 -21"><span class='ocrx_word' id='word_1_90' title='bbox 412 2124 518 2175; x_wconf 89' lang='lat' dir='ltr'>menta</span> <span class='ocrx_word' id='word_1_91' title='bbox 537 2109 666 2172; x_wconf 84' lang='lat' dir='ltr'>licenter</span> <span class='ocrx_word' id='word_1_92' title='bbox 680 2108 847 2173; x_wconf 90' lang='lat' dir='ltr'>adtribuit.</span> <span class='ocrx_word' id='word_1_93' title='bbox 886 2112 959 2173; x_wconf 94' lang='lat' dir='ltr'>Hoc</span> <span class='ocrx_word' id='word_1_94' title='bbox 978 2109 1110 2194; x_wconf 90' lang='lat' dir='ltr'>quidem</span> <span class='ocrx_word' id='word_1_95' title='bbox 1131 2111 1243 2196; x_wconf 91' lang='lat' dir='ltr'>potius</span> <span class='ocrx_word' id='word_1_96' title='bbox 1257 2112 1360 2177; x_wconf 81' lang='lat' dir='ltr'>adten-</span> 
     </span>
     <span class='ocr_line' id='line_1_16' title="bbox 412 2211 1362 2298; baseline 0 -19"><span class='ocrx_word' id='word_1_97' title='bbox 412 2213 564 2288; x_wconf 89' lang='lat' dir='ltr'>dendum,</span> <span class='ocrx_word' id='word_1_98' title='bbox 575 2212 663 2298; x_wconf 91' lang='lat' dir='ltr'>quod</span> <span class='ocrx_word' id='word_1_99' title='bbox 676 2211 764 2275; x_wconf 87' lang='lat' dir='ltr'>nulla</span> <span class='ocrx_word' id='word_1_100' title='bbox 775 2212 823 2274; x_wconf 87' lang='lat' dir='ltr'>vis</span> <span class='ocrx_word' id='word_1_101' title='bbox 833 2211 977 2275; x_wconf 80' lang='lat' dir='ltr'>beneficii</span> <span class='ocrx_word' id='word_1_102' title='bbox 989 2226 1046 2276; x_wconf 90' lang='lat' dir='ltr'>aut</span> <span class='ocrx_word' id='word_1_103' title='bbox 1057 2227 1195 2287; x_wconf 70' lang='lat' dir='ltr'>natura,</span> <span class='ocrx_word' id='word_1_104' title='bbox 1208 2213 1362 2279; x_wconf 85' lang='lat' dir='ltr'>flammam</span> 
     </span>
     <span class='ocr_line' id='line_1_17' title="bbox 412 2311 1361 2396; baseline 0.002 -18"><span class='ocrx_word' id='word_1_105' title='bbox 412 2313 582 2396; x_wconf 82' lang='lat' dir='ltr'>restinguit</span> <span class='ocrx_word' id='word_1_106' title='bbox 597 2311 734 2374; x_wconf 88' lang='lat' dir='ltr'>invidiae.</span> <span class='ocrx_word' id='word_1_107' title='bbox 767 2315 849 2375; x_wconf 87' lang='lat' dir='ltr'>Nam</span> <span class='ocrx_word' id='word_1_108' title='bbox 866 2326 899 2377; x_wconf 90' lang='lat' dir='ltr'>et</span> <span class='ocrx_word' id='word_1_109' title='bbox 916 2313 1054 2377; x_wconf 89' lang='lat' dir='ltr'>Palladis</span> <span class='ocrx_word' id='word_1_110' title='bbox 1069 2313 1191 2379; x_wconf 90' lang='lat' dir='ltr'>viribus</span> <span class='ocrx_word' id='word_1_111' title='bbox 1206 2329 1238 2379; x_wconf 90' lang='lat' dir='ltr'>et</span> <span class='ocrx_word' id='word_1_112' title='bbox 1253 2315 1361 2392; x_wconf 84' lang='lat' dir='ltr'>forma,</span> 
     </span>
     <span class='ocr_line' id='line_1_18' title="bbox 413 2409 1362 2490; baseline 0.001 -13"><span class='ocrx_word' id='word_1_113' title='bbox 413 2427 530 2477; x_wconf 89' lang='lat' dir='ltr'>motam</span> <span class='ocrx_word' id='word_1_114' title='bbox 546 2411 694 2475; x_wconf 85' lang='lat' dir='ltr'>describit</span> <span class='ocrx_word' id='word_1_115' title='bbox 712 2409 877 2490; x_wconf 88' lang='lat' dir='ltr'>invidiam,</span> <span class='ocrx_word' id='word_1_116' title='bbox 893 2430 924 2476; x_wconf 89' lang='lat' dir='ltr'>et</span> <span class='ocrx_word' id='word_1_117' title='bbox 947 2413 1062 2476; x_wconf 88' lang='lat' dir='ltr'>sororis</span> <span class='ocrx_word' id='word_1_118' title='bbox 1077 2411 1187 2478; x_wconf 79' lang='lat' dir='ltr'>felices</span> <span class='ocrx_word' id='word_1_119' title='bbox 1202 2415 1362 2490; x_wconf 82' lang='lat' dir='ltr'>thalamos,</span> 
     </span>
     <span class='ocr_line' id='line_1_19' title="bbox 412 2512 1360 2602; baseline 0.001 -22"><span class='ocrx_word' id='word_1_120' title='bbox 412 2538 500 2580; x_wconf 89' lang='lat' dir='ltr'>soror</span> <span class='ocrx_word' id='word_1_121' title='bbox 526 2514 688 2578; x_wconf 88' lang='lat' dir='ltr'>stimulata</span> <span class='ocrx_word' id='word_1_122' title='bbox 713 2512 795 2576; x_wconf 83' lang='lat' dir='ltr'>ferre</span> <span class='ocrx_word' id='word_1_123' title='bbox 823 2536 884 2577; x_wconf 88' lang='lat' dir='ltr'>oon</span> <span class='ocrx_word' id='word_1_124' title='bbox 914 2514 1031 2600; x_wconf 89' lang='lat' dir='ltr'>potuit,</span> <span class='ocrx_word' id='word_1_125' title='bbox 1055 2528 1086 2578; x_wconf 90' lang='lat' dir='ltr'>et</span> <span class='ocrx_word' id='word_1_126' title='bbox 1116 2529 1152 2579; x_wconf 90' lang='lat' dir='ltr'>ut</span> <span class='ocrx_word' id='word_1_127' title='bbox 1180 2519 1360 2602; x_wconf 85' lang='lat' dir='ltr'>promissam</span> 
     </span>
     <span class='ocr_line' id='line_1_20' title="bbox 413 2615 1360 2707; baseline -0.001 -24"><span class='ocrx_word' id='word_1_128' title='bbox 413 2618 535 2683; x_wconf 85' lang='lat' dir='ltr'>numini</span> <span class='ocrx_word' id='word_1_129' title='bbox 567 2616 615 2680; x_wconf 90' lang='lat' dir='ltr'>vel</span> <span class='ocrx_word' id='word_1_130' title='bbox 644 2638 801 2702; x_wconf 73' lang='lat' dir='ltr'>germanae</span> <span class='ocrx_word' id='word_1_131' title='bbox 830 2615 926 2680; x_wconf 83' lang='lat' dir='ltr'>tidem</span> <span class='ocrx_word' id='word_1_132' title='bbox 957 2631 1109 2695; x_wconf 87' lang='lat' dir='ltr'>servaret,</span> <span class='ocrx_word' id='word_1_133' title='bbox 1139 2619 1229 2683; x_wconf 90' lang='lat' dir='ltr'>nullo</span> <span class='ocrx_word' id='word_1_134' title='bbox 1261 2623 1360 2707; x_wconf 88' lang='lat' dir='ltr'>precio</span> 
     </span>
     <span class='ocr_line' id='line_1_21' title="bbox 413 2718 687 2807; baseline -0.018 -21"><span class='ocrx_word' id='word_1_135' title='bbox 413 2721 520 2807; x_wconf 87' lang='lat' dir='ltr'>potuit</span> <span class='ocrx_word' id='word_1_136' title='bbox 535 2718 687 2783; x_wconf 88' lang='lat' dir='ltr'>inclinari.</span> 
     </span>
    </p>
   </div>
   <div class='ocr_carea' id='block_1_3' title="bbox 516 2836 1150 2909">
    <p class='ocr_par' dir='ltr' id='par_1_11' title="bbox 516 2836 1150 2909">
     <span class='ocr_line' id='line_1_22' title="bbox 516 2836 1150 2909; baseline 0.002 -19"><span class='ocrx_word' id='word_1_137' title='bbox 516 2839 592 2909; x_wconf 64' lang='lat' dir='ltr'>Saepe</span> <span class='ocrx_word' id='word_1_138' title='bbox 604 2839 668 2889; x_wconf 90' lang='lat' dir='ltr'>mori</span> <span class='ocrx_word' id='word_1_139' title='bbox 680 2836 770 2901; x_wconf 83' lang='lat' dir='ltr'>voluit,</span> <span class='ocrx_word' id='word_1_140' title='bbox 781 2855 814 2888; x_wconf 90' lang='lat' dir='ltr'>ne</span> <span class='ocrx_word' id='word_1_141' title='bbox 826 2838 964 2905; x_wconf 87' lang='lat' dir='ltr'>quicquam</span> <span class='ocrx_word' id='word_1_142' title='bbox 976 2837 1029 2889; x_wconf 87' lang='lat' dir='ltr'>tale</span> <span class='ocrx_word' id='word_1_143' title='bbox 1041 2839 1150 2892; x_wconf 83' lang='lat' dir='ltr'>rideret.</span> 
     </span>
    </p>
   </div>
   <div class='ocr_carea' id='block_1_4' title="bbox 409 2938 1363 3845">
    <p class='ocr_par' dir='ltr' id='par_1_12' title="bbox 409 2938 1363 3845">
     <span class='ocr_line' id='line_1_23' title="bbox 414 2938 1359 3026; baseline 0.005 -22"><span class='ocrx_word' id='word_1_144' title='bbox 414 2942 466 3005; x_wconf 84' lang='lat' dir='ltr'>Ad</span> <span class='ocrx_word' id='word_1_145' title='bbox 480 2939 640 3026; x_wconf 86' lang='lat' dir='ltr'>parricidii</span> <span class='ocrx_word' id='word_1_146' title='bbox 652 2939 786 3014; x_wconf 82' lang='lat' dir='ltr'>lacinus,</span> <span class='ocrx_word' id='word_1_147' title='bbox 797 2939 829 3002; x_wconf 92' lang='lat' dir='ltr'>iu</span> <span class='ocrx_word' id='word_1_148' title='bbox 845 2938 976 3002; x_wconf 84' lang='lat' dir='ltr'>fratrem</span> <span class='ocrx_word' id='word_1_149' title='bbox 998 2939 1197 3024; x_wconf 86' lang='lat' dir='ltr'>patriarchas</span> <span class='ocrx_word' id='word_1_150' title='bbox 1211 2945 1359 3009; x_wconf 83' lang='lat' dir='ltr'>excitavit</span> 
     </span>
     <span class='ocr_line' id='line_1_24' title="bbox 411 3037 1360 3131; baseline 0.004 -27"><span class='ocrx_word' id='word_1_151' title='bbox 411 3040 542 3115; x_wconf 88' lang='lat' dir='ltr'>invidia,</span> <span class='ocrx_word' id='word_1_152' title='bbox 555 3055 591 3103; x_wconf 92' lang='lat' dir='ltr'>ut</span> <span class='ocrx_word' id='word_1_153' title='bbox 607 3062 664 3102; x_wconf 89' lang='lat' dir='ltr'>nec</span> <span class='ocrx_word' id='word_1_154' title='bbox 677 3039 806 3122; x_wconf 88' lang='lat' dir='ltr'>impune</span> <span class='ocrx_word' id='word_1_155' title='bbox 820 3039 958 3101; x_wconf 84' lang='lat' dir='ltr'>revelare</span> <span class='ocrx_word' id='word_1_156' title='bbox 970 3037 1094 3103; x_wconf 86' lang='lat' dir='ltr'>licuerit</span> <span class='ocrx_word' id='word_1_157' title='bbox 1108 3042 1259 3126; x_wconf 86' lang='lat' dir='ltr'>gratiam,</span> <span class='ocrx_word' id='word_1_158' title='bbox 1269 3068 1360 3131; x_wconf 90' lang='lat' dir='ltr'>quam</span> 
     </span>
     <span class='ocr_line' id='line_1_25' title="bbox 411 3141 1361 3230; baseline 0.003 -23"><span class='ocrx_word' id='word_1_159' title='bbox 411 3145 543 3229; x_wconf 85' lang='lat' dir='ltr'>spiritus</span> <span class='ocrx_word' id='word_1_160' title='bbox 556 3142 715 3206; x_wconf 87' lang='lat' dir='ltr'>innocenti</span> <span class='ocrx_word' id='word_1_161' title='bbox 736 3141 931 3204; x_wconf 88' lang='lat' dir='ltr'>monstrabat</span> <span class='ocrx_word' id='word_1_162' title='bbox 947 3142 979 3203; x_wconf 91' lang='lat' dir='ltr'>in</span> <span class='ocrx_word' id='word_1_163' title='bbox 996 3143 1123 3206; x_wconf 88' lang='lat' dir='ltr'>somnis.</span> <span class='ocrx_word' id='word_1_164' title='bbox 1162 3145 1255 3230; x_wconf 85' lang='lat' dir='ltr'>Ergo</span> <span class='ocrx_word' id='word_1_165' title='bbox 1268 3148 1361 3210; x_wconf 81' lang='lat' dir='ltr'>servi·</span> 
     </span>
     <span class='ocr_line' id='line_1_26' title="bbox 411 3243 1361 3329; baseline 0.001 -18"><span class='ocrx_word' id='word_1_166' title='bbox 411 3261 481 3311; x_wconf 91' lang='lat' dir='ltr'>tute</span> <span class='ocrx_word' id='word_1_167' title='bbox 503 3246 674 3308; x_wconf 88' lang='lat' dir='ltr'>damnatur</span> <span class='ocrx_word' id='word_1_168' title='bbox 695 3245 844 3308; x_wconf 86' lang='lat' dir='ltr'>innocens</span> <span class='ocrx_word' id='word_1_169' title='bbox 864 3243 973 3316; x_wconf 81' lang='lat' dir='ltr'>frater,</span> <span class='ocrx_word' id='word_1_170' title='bbox 996 3259 1087 3329; x_wconf 90' lang='lat' dir='ltr'>pater</span> <span class='ocrx_word' id='word_1_171' title='bbox 1108 3246 1259 3329; x_wconf 87' lang='lat' dir='ltr'>orbitate,</span> <span class='ocrx_word' id='word_1_172' title='bbox 1278 3265 1309 3314; x_wconf 91' lang='lat' dir='ltr'>et</span> <span class='ocrx_word' id='word_1_173' title='bbox 1329 3264 1361 3314; x_wconf 90' lang='lat' dir='ltr'>ut</span> 
     </span>
     <span class='ocr_line' id='line_1_27' title="bbox 410 3347 1360 3432; baseline 0.004 -20"><span class='ocrx_word' id='word_1_174' title='bbox 410 3348 660 3432; x_wconf 85' lang='lat' dir='ltr'>dispositionem,</span> <span class='ocrx_word' id='word_1_175' title='bbox 675 3347 787 3430; x_wconf 86' lang='lat' dir='ltr'>gratiae</span> <span class='ocrx_word' id='word_1_176' title='bbox 800 3348 861 3410; x_wconf 90' lang='lat' dir='ltr'>Dei</span> <span class='ocrx_word' id='word_1_177' title='bbox 877 3361 1018 3425; x_wconf 85' lang='lat' dir='ltr'>evacuet,</span> <span class='ocrx_word' id='word_1_178' title='bbox 1031 3350 1062 3411; x_wconf 90' lang='lat' dir='ltr'>iu</span> <span class='ocrx_word' id='word_1_179' title='bbox 1078 3371 1111 3411; x_wconf 90' lang='lat' dir='ltr'>se</span> <span class='ocrx_word' id='word_1_180' title='bbox 1126 3348 1257 3427; x_wconf 82' lang='lat' dir='ltr'>famem,</span> <span class='ocrx_word' id='word_1_181' title='bbox 1269 3353 1360 3416; x_wconf 85' lang='lat' dir='ltr'>serri-</span> 
     </span>
     <span class='ocr_line' id='line_1_28' title="bbox 411 3444 1360 3537; baseline 0.005 -26"><span class='ocrx_word' id='word_1_182' title='bbox 411 3449 490 3512; x_wconf 89' lang='lat' dir='ltr'>tutis</span> <span class='ocrx_word' id='word_1_183' title='bbox 504 3448 635 3531; x_wconf 85' lang='lat' dir='ltr'>jugum,</span> <span class='ocrx_word' id='word_1_184' title='bbox 650 3444 861 3509; x_wconf 87' lang='lat' dir='ltr'>calamitatem</span> <span class='ocrx_word' id='word_1_185' title='bbox 882 3444 980 3522; x_wconf 83' lang='lat' dir='ltr'>exilii,</span> <span class='ocrx_word' id='word_1_186' title='bbox 995 3449 1171 3512; x_wconf 89' lang='lat' dir='ltr'>calumnias</span> <span class='ocrx_word' id='word_1_187' title='bbox 1192 3453 1360 3537; x_wconf 78' lang='lat' dir='ltr'>AEgyptio·</span> 
     </span>
     <span class='ocr_line' id='line_1_29' title="bbox 411 3546 1362 3641; baseline 0.012 -31"><span class='ocrx_word' id='word_1_188' title='bbox 411 3572 494 3623; x_wconf 91' lang='lat' dir='ltr'>rum,</span> <span class='ocrx_word' id='word_1_189' title='bbox 521 3546 676 3610; x_wconf 79' lang='lat' dir='ltr'>saevitiam</span> <span class='ocrx_word' id='word_1_190' title='bbox 707 3548 881 3610; x_wconf 86' lang='lat' dir='ltr'>Pharaonis</span> <span class='ocrx_word' id='word_1_191' title='bbox 910 3570 928 3610; x_wconf 88' lang='lat' dir='ltr'>a</span> <span class='ocrx_word' id='word_1_192' title='bbox 954 3549 1045 3634; x_wconf 88' lang='lat' dir='ltr'>justo</span> <span class='ocrx_word' id='word_1_193' title='bbox 1069 3550 1183 3635; x_wconf 88' lang='lat' dir='ltr'>judice</span> <span class='ocrx_word' id='word_1_194' title='bbox 1213 3554 1362 3641; x_wconf 86' lang='lat' dir='ltr'>iniquitas</span> 
     </span>
     <span class='ocr_line' id='line_1_30' title="bbox 409 3646 1360 3735; baseline 0.007 -21"><span class='ocrx_word' id='word_1_195' title='bbox 409 3646 601 3733; x_wconf 86' lang='lat' dir='ltr'>impetravit.</span> <span class='ocrx_word' id='word_1_196' title='bbox 642 3649 761 3711; x_wconf 88' lang='lat' dir='ltr'>Manus</span> <span class='ocrx_word' id='word_1_197' title='bbox 782 3650 901 3735; x_wconf 68' lang='lat' dir='ltr'>,loseph</span> <span class='ocrx_word' id='word_1_198' title='bbox 929 3651 959 3713; x_wconf 91' lang='lat' dir='ltr'>iu</span> <span class='ocrx_word' id='word_1_199' title='bbox 988 3651 1152 3717; x_wconf 88' lang='lat' dir='ltr'>laboribus</span> <span class='ocrx_word' id='word_1_200' title='bbox 1177 3657 1360 3733; x_wconf 83' lang='lat' dir='ltr'>servierunt,</span> 
     </span>
     <span class='ocr_line' id='line_1_31' title="bbox 409 3748 1363 3845; baseline 0.01 -32"><span class='ocrx_word' id='word_1_201' title='bbox 409 3767 440 3816; x_wconf 91' lang='lat' dir='ltr'>et</span> <span class='ocrx_word' id='word_1_202' title='bbox 463 3748 618 3814; x_wconf 87' lang='lat' dir='ltr'>successio</span> <span class='ocrx_word' id='word_1_203' title='bbox 640 3772 749 3812; x_wconf 88' lang='lat' dir='ltr'>corum</span> <span class='ocrx_word' id='word_1_204' title='bbox 774 3751 805 3814; x_wconf 89' lang='lat' dir='ltr'>iu</span> <span class='ocrx_word' id='word_1_205' title='bbox 823 3751 893 3815; x_wconf 91' lang='lat' dir='ltr'>luto</span> <span class='ocrx_word' id='word_1_206' title='bbox 915 3767 945 3816; x_wconf 88' lang='lat' dir='ltr'>et</span> <span class='ocrx_word' id='word_1_207' title='bbox 970 3753 1078 3830; x_wconf 90' lang='lat' dir='ltr'>latere,</span> <span class='ocrx_word' id='word_1_208' title='bbox 1101 3755 1245 3843; x_wconf 88' lang='lat' dir='ltr'>ipsisque</span> <span class='ocrx_word' id='word_1_209' title='bbox 1269 3760 1363 3845; x_wconf 89' lang='lat' dir='ltr'>paleis</span> 
     </span>
    </p>
   </div>
   <div class='ocr_carea' id='block_1_5' title="bbox 306 3852 1361 3943">
    <p class='ocr_par' dir='ltr' id='par_1_13' title="bbox 306 3852 1361 3943">
     <span class='ocr_line' id='line_1_32' title="bbox 306 3852 1361 3943; baseline 0.01 -27"><span class='ocrx_word' id='word_1_210' title='bbox 306 3891 309 3897; x_wconf 79' lang='lat'>,</span> <span class='ocrx_word' id='word_1_211' title='bbox 408 3867 577 3936; x_wconf 84' lang='lat' dir='ltr'>reputatur</span> <span class='ocrx_word' id='word_1_212' title='bbox 603 3852 743 3937; x_wconf 87' lang='lat' dir='ltr'>indigna.</span> <span class='ocrx_word' id='word_1_213' title='bbox 791 3853 906 3919; x_wconf 90' lang='lat' dir='ltr'>Videas</span> <span class='ocrx_word' id='word_1_214' title='bbox 936 3856 1054 3921; x_wconf 91' lang='lat' dir='ltr'>multos</span> <span class='ocrx_word' id='word_1_215' title='bbox 1082 3858 1225 3943; x_wconf 90' lang='lat' dir='ltr'>ejusdem</span> <span class='ocrx_word' id='word_1_216' title='bbox 1256 3863 1361 3927; x_wconf 84' lang='lat' dir='ltr'>livoris</span> 
     </span>
    </p>
   </div>
   <div class='ocr_carea' id='block_1_6' title="bbox 406 3955 1361 4458">
    <p class='ocr_par' dir='ltr' id='par_1_14' title="bbox 406 3955 1361 4458">
     <span class='ocr_line' id='line_1_33' title="bbox 408 3955 1361 4050; baseline 0.009 -29"><span class='ocrx_word' id='word_1_217' title='bbox 408 3955 544 4021; x_wconf 85' lang='lat' dir='ltr'>stimulis</span> <span class='ocrx_word' id='word_1_218' title='bbox 575 3957 693 4039; x_wconf 77' lang='lat' dir='ltr'>urgeri,</span> <span class='ocrx_word' id='word_1_219' title='bbox 726 3973 761 4019; x_wconf 91' lang='lat' dir='ltr'>ut</span> <span class='ocrx_word' id='word_1_220' title='bbox 789 3979 871 4040; x_wconf 86' lang='lat' dir='ltr'>quos</span> <span class='ocrx_word' id='word_1_221' title='bbox 901 3973 1034 4042; x_wconf 87' lang='lat' dir='ltr'>possunt</span> <span class='ocrx_word' id='word_1_222' title='bbox 1065 3960 1171 4024; x_wconf 88' lang='lat' dir='ltr'>obices</span> <span class='ocrx_word' id='word_1_223' title='bbox 1200 3979 1361 4050; x_wconf 86' lang='lat' dir='ltr'>opponant</span> 
     </span>
     <span class='ocr_line' id='line_1_34' title="bbox 406 4055 1360 4150; baseline 0.006 -27"><span class='ocrx_word' id='word_1_224' title='bbox 406 4059 531 4143; x_wconf 75' lang='lat' dir='ltr'>gratia,</span> <span class='ocrx_word' id='word_1_225' title='bbox 553 4072 585 4123; x_wconf 88' lang='lat' dir='ltr'>et</span> <span class='ocrx_word' id='word_1_226' title='bbox 606 4055 843 4142; x_wconf 88' lang='lat' dir='ltr'>dispositionem</span> <span class='ocrx_word' id='word_1_227' title='bbox 864 4056 1022 4122; x_wconf 88' lang='lat' dir='ltr'>Altissimi</span> <span class='ocrx_word' id='word_1_228' title='bbox 1039 4061 1184 4126; x_wconf 88' lang='lat' dir='ltr'>nitantur</span> <span class='ocrx_word' id='word_1_229' title='bbox 1199 4064 1360 4150; x_wconf 85' lang='lat' dir='ltr'>impedire.</span> 
     </span>
     <span class='ocr_line' id='line_1_35' title="bbox 409 4158 1358 4251; baseline 0.007 -26"><span class='ocrx_word' id='word_1_230' title='bbox 409 4162 441 4225; x_wconf 88' lang='lat' dir='ltr'>Si</span> <span class='ocrx_word' id='word_1_231' title='bbox 456 4163 537 4225; x_wconf 88' lang='lat' dir='ltr'>sorte</span> <span class='ocrx_word' id='word_1_232' title='bbox 560 4159 651 4246; x_wconf 89' lang='lat' dir='ltr'>quasi</span> <span class='ocrx_word' id='word_1_233' title='bbox 672 4158 856 4220; x_wconf 85' lang='lat' dir='ltr'>somniando</span> <span class='ocrx_word' id='word_1_234' title='bbox 879 4158 1053 4245; x_wconf 90' lang='lat' dir='ltr'>conjiciunt</span> <span class='ocrx_word' id='word_1_235' title='bbox 1076 4162 1213 4249; x_wconf 86' lang='lat' dir='ltr'>alicujus</span> <span class='ocrx_word' id='word_1_236' title='bbox 1233 4189 1358 4251; x_wconf 82' lang='lat' dir='ltr'>provoc-</span> 
     </span>
     <span class='ocr_line' id='line_1_36' title="bbox 408 4260 1359 4348; baseline 0.006 -20"><span class='ocrx_word' id='word_1_237' title='bbox 408 4282 487 4339; x_wconf 90' lang='lat' dir='ltr'>tum‚</span> <span class='ocrx_word' id='word_1_238' title='bbox 504 4266 642 4339; x_wconf 86' lang='lat' dir='ltr'>obstant,</span> <span class='ocrx_word' id='word_1_239' title='bbox 666 4260 875 4336; x_wconf 86' lang='lat' dir='ltr'>reluctantur,</span> <span class='ocrx_word' id='word_1_240' title='bbox 894 4279 929 4327; x_wconf 92' lang='lat' dir='ltr'>ut</span> <span class='ocrx_word' id='word_1_241' title='bbox 952 4265 1042 4348; x_wconf 88' lang='lat' dir='ltr'>quasi</span> <span class='ocrx_word' id='word_1_242' title='bbox 1067 4265 1198 4330; x_wconf 89' lang='lat' dir='ltr'>fratrem</span> <span class='ocrx_word' id='word_1_243' title='bbox 1223 4270 1359 4334; x_wconf 87' lang='lat' dir='ltr'>Ismahe-</span> 
     </span>
     <span class='ocr_line' id='line_1_37' title="bbox 407 4363 1357 4458; baseline 0.007 -28"><span class='ocrx_word' id='word_1_244' title='bbox 407 4368 470 4430; x_wconf 88' lang='lat' dir='ltr'>litis</span> <span class='ocrx_word' id='word_1_245' title='bbox 500 4378 679 4450; x_wconf 83' lang='lat' dir='ltr'>exponunt;</span> <span class='ocrx_word' id='word_1_246' title='bbox 716 4363 741 4424; x_wconf 88' lang='lat' dir='ltr'>si</span> <span class='ocrx_word' id='word_1_247' title='bbox 773 4385 833 4425; x_wconf 89' lang='lat' dir='ltr'>nou</span> <span class='ocrx_word' id='word_1_248' title='bbox 864 4365 1021 4445; x_wconf 86' lang='lat' dir='ltr'>occidant,</span> <span class='ocrx_word' id='word_1_249' title='bbox 1051 4368 1230 4436; x_wconf 83' lang='lat' dir='ltr'>incrustant</span> <span class='ocrx_word' id='word_1_250' title='bbox 1261 4372 1357 4458; x_wconf 87' lang='lat' dir='ltr'>ipsam</span> 
     </span>
    </p>
   </div>
   <div class='ocr_carea' id='block_1_7' title="bbox 0 0 1780 5467">
    <p class='ocr_par' dir='ltr' id='par_1_15' title="bbox 0 0 1780 5467">
     <span class='ocr_line' id='line_1_38' title="bbox 0 0 1780 5467; baseline 0 1"><span class='ocrx_word' id='word_1_251' title='bbox 0 0 1780 5467; x_wconf 95' lang='lat' dir='ltr'> </span> 
     </span>
    </p>
   </div>
  </div>
 </body>
</html>
